2171 3752
800 721 1050 792 CAPVT
1086 724 1170 791 Π.

215 985 366 1050 Quae
409 983 553 1054 apud
589 983 824 1051 tragicos
882 991 1070 1054 poetas
1110 983 1459 1034 inveniuntur
1517 983 1896 1054 responsiones

81 1093 174 1126 eae
215 1075 483 1143 aequabili
524 1073 841 1143 praesertim
880 1091 1131 1125 versuum
1161 1073 1468 1124 efficiuntur
1491 1073 1630 1125 inter
1654 1073 1894 1144 singulas

77 1182 337 1234 personas
364 1163 755 1214 distributione.
807 1162 978 1228 Quam
1009 1163 1251 1213 consulto
1280 1179 1369 1213 eos
1394 1171 1652 1232 captasse,
1682 1163 1900 1215 minime

78 1262 256 1306 autem
294 1253 563 1324 insperata
593 1252 820 1321 quadam
842 1251 1117 1322 Apollinis
1158 1251 1482 1303 liberalitate
1521 1253 1792 1322 accepisse
1834 1272 1898 1304 eo

78 1343 184 1395 iam
224 1343 502 1413 probabile
528 1343 604 1409 fit,
645 1342 786 1410 quod
828 1342 970 1411 apud
995 1342 1419 1411 Aristophanem
1451 1343 1539 1411 qui
1575 1361 1683 1395 non
1724 1343 1898 1394 minor

79 1453 205 1486 sane
248 1434 349 1484 fuit
380 1433 643 1502 Euripide
684 1440 840 1502 poeta
878 1432 933 1484 in
977 1432 1200 1483 senariis
1239 1432 1480 1484 iambicis
1535 1451 1708 1502 paene
1748 1433 1899 1485 nulla

0 1587 5 1589 ‚
80 1531 176 1576 est.
249 1522 410 1576 Unde
453 1523 639 1591 colligi
681 1530 872 1592 potest,
909 1521 1226 1592 Euripidem
1283 1522 1351 1572 ad
1393 1523 1696 1591 augendam
1737 1522 1899 1593 tragi-

79 1631 176 1665 cae
222 1614 479 1666 orationis
521 1632 771 1684 pompam
810 1612 912 1664 hoc
957 1612 1281 1664 adminiculo
1321 1632 1477 1664 usum
1517 1631 1651 1680 esse,
1687 1612 1896 1664 Aristo-

86 1704 252 1774 phani
293 1713 515 1774 propter
556 1704 775 1755 liberius
832 1703 1167 1771 solutiusque
1208 1702 1423 1754 dicendi
1459 1721 1629 1773 genus
1669 1721 1802 1772 opus
1835 1721 1899 1754 eo

79 1814 185 1846 non
225 1795 405 1846 fuisse.
449 1826 511 1830 —
551 1794 621 1845 Et
661 1802 784 1846 sunt
839 1795 1055 1864 quidem
1094 1794 1217 1861 loci,
1265 1794 1356 1845 ubi
1393 1801 1634 1845 nostrum
1686 1811 1898 1862 quoque

76 1885 212 1936 hane
257 1884 695 1954 aequabilitatem
734 1883 876 1936 haud
919 1892 1261 1954 aspernatum
1300 1901 1416 1936 esse
1456 1884 1618 1950 dicas,
1659 1883 1754 1934 sed
1792 1883 1894 1934 rari

0 1980 3 1983 ’
77 1983 131 2026 et
192 1975 374 2042 quales
430 1963 572 2044 apud
629 1974 1116 2045 Shakespearium7
1176 1973 1504 2041 Goethium,
1561 1973 1894 2028 Schillerum

78 2082 294 2132 quoque
333 2064 592 2115 invenias.

216 2153 290 2208 Ut
333 2153 673 2222 Equidem
721 2172 960 2206 versus
1009 2154 1250 2206 461—66
1312 2153 1400 2205 ubi
1448 2152 1726 2223 Paphlago
1778 2153 1900 2205 insi-

30 2244 378 2313 ¹ciariusque
435 2262 656 2295 scaenae
717 2244 940 2296 exordio
995 2244 1162 2296 ternis
1219 2244 1460 2296 versibus
1517 2251 1722 2295 mutuas
1779 2262 1898 2315 pro-

76 2333 320 2385 nuntiant
369 2334 726 2386 incusationes
780 2342 831 2385 et
871 2335 1141 2386 Thesm.
1211 2354 1297 2386 vv.
1355 2334 1591 2385 582—91
1644 2334 1736 2384 ubi
1788 2333 1899 2387 Cli-

16 2486 19 2490 .
76 2426 294 2477 sthenes
333 2435 615 2494 postquam
654 2444 879 2494 gravem
921 2426 1186 2495 quandam
1224 2443 1335 2476 rem
1377 2425 1690 2479 mulieribus
1730 2444 1785 2477 se
1822 2426 1900 2478 in-

0 2548 16 2585 ··
79 2516 310 2567 dicatum
349 2516 534 2567 venire
568 2519 841 2585 praefatus
888 2526 968 2568 est
1006 2518 1196 2568 decem
1233 2515 1477 2568 versibus
1520 2516 1596 2568 sie
1638 2516 1896 2568 ordinatis

76 2625 197 2658 cum
233 2606 396 2658 choro
439 2605 793 2673 colloquitur:

517 2694 615 2748 Ch.
691 2694 776 2748 Cl.
853 2694 951 2747 Ch.
1011 2695 1095 2748 Cl.
1153 2695 1254 2748 Ch.
1312 2695 1396 2747 Cl.

545 2785 578 2836 2
718 2785 751 2835 2
894 2789 916 2836 1
1032 2786 1063 2837 2
1171 2789 1195 2837 l
1340 2788 1371 2836 2

555 2854 1358 2900 »sk—M--s

219 2953 279 3005 In
323 2945 544 3006 scaenae
581 2955 688 3006 fine
732 2954 909 3025 posita
945 2963 1043 3019 est,
1080 2952 1147 3004 de
1187 2973 1289 3023 qua
1314 2951 1566 3020 Engerus
1604 2968 1776 3022 nuper
1819 2951 1897 3016 (in

16 3086 26 3115 3
82 3043 259 3098 Iahnii
297 3044 578 3096 annalibus
623 3045 777 3110 1865)
835 3043 1125 3112 disputavit
1163 3042 1444 3112 responsio
1493 3042 1898 3093 Acharneu-

10 3117 27 3166 :'
78 3133 247 3185 sium
285 3134 602 3186 versibus
643 3134 882 3186 617—25
921 3133 1132 3199 effecta,
1168 3132 1258 3184 ubi
1288 3151 1455 3183 unum
1493 3130 1748 3184 Lamaehi
1783 3148 1899 3182 ver·

17 3221 23 3226 ’
78 3242 196 3276 sum
241 3224 647 3294 Dicaeopolidis
686 3244 842 3291 unus,
896 3232 1005 3275 tres
1045 3221 1293 3275 Lamaehi
1334 3219 1742 3292 Dicaeopolidis
1790 3227 1898 3271 tres

79 3322 368 3382 secuntur,
426 3314 692 3382 similique
748 3314 1127 3383 aequabilitate
1184 3313 1342 3384 primi
1400 3311 1693 3364 Nubium
1761 3311 1901 3362 inter

1537 3402 1570 3453 2
