2171 3752
1077 165 1109 216 8

198 319 506 389 ponendum
569 333 686 368 esse
726 335 847 368 cum
886 324 1175 387 propterea
1215 315 1395 383 (πρᾶο,
1436 316 1577 385 quod
1618 317 1759 368 coria
1798 316 2014 387 paxillis

195 409 423 480 primum
471 409 524 459 in
567 408 680 460 solo
721 407 955 474 extendi,
1010 406 1136 458 inde
1176 406 1395 459 demum
1420 416 1563 459 certo
1599 407 1716 459 usui
1758 406 2012 459 destinari

197 506 414 548 naturae
454 514 630 547 rerum
690 495 962 561 convenit,
1018 503 1129 546 tum
1192 495 1332 562 quod
1392 495 1677 562 insiciario,
1732 505 2013 566 postquam

198 587 322 657 quid
362 586 492 639 Cleo
539 586 602 637 de
640 604 697 638 se
734 586 852 636 fieri
892 586 1076 652 vellet,
1128 585 1347 652 audivit,
1402 586 1672 652 continuo,
1731 586 1857 654 quid
1897 586 2014 657 ipse

195 677 248 727 in
288 676 439 726 illum
481 676 727 727 statuerit
763 676 1126 744 profitendum
1168 684 1262 741 est,
1326 676 1399 727 ita
1434 685 1491 726 ut
1528 695 1577 728 v.
1616 676 1717 728 37⁶2
1750 672 2016 744 περικόμ-

195 766 316 833 ματ’
360 764 414 817 ἐκ
455 768 552 818 σοῦ
589 762 833 818 σκετάσω
873 784 941 817 ne
978 765 1133 816 unius
1177 765 1391 835 quidem
1432 769 1620 817 vers'us
1661 766 1946 817 intervallo
1985 785 2016 817 a

195 864 377 908 nostro
418 855 626 923 seiungi
654 855 835 926 possit.

334 960 556 1012 Restant
609 959 774 1028 igitur
830 959 934 1011 duo
990 959 1207 1012 Cleonis
1256 979 1442 1013 versus
1501 962 1642 1028 (369,
1684 962 1826 1028 371³,
1884 979 2016 1031 quos

196 1067 360 1099 unum
399 1048 651 1100 insiciarii
711 1049 998 1100 dimetrum
1051 1049 1402 1101 antecessisse
1458 1069 1680 1102 necesse
1736 1060 1832 1117 est,
1895 1051 2018 1121 quia.

195 1148 252 1190 ut
291 1139 580 1208 Helbigius
622 1139 755 1190 vidit
797 1141 870 1208 (p.
910 1140 1036 1207 255>
1075 1140 1328 1192 insiciarii
1370 1141 1437 1192 ad
1474 1161 1520 1192 v,
1545 1141 1647 1194 365
1679 1141 2017 1194 desideratur

196 1248 512 1300 responsum
575 1239 625 1281 et
664 1231 782 1298 quia
824 1229 959 1284 Cleo
1006 1231 1100 1282 vix
1150 1250 1220 1283 ex
1272 1232 1445 1283 activo
1502 1231 1761 1299 loquendi
1815 1251 2019 1301 genere

198 1318 410 1385 (ἐξέλξω
435 1321 517 1371 oei
544 1319 607 1370 ad
641 1320 912 1388 passivum
942 1315 994 1388 (ἦ
1017 1315 1190 1387 βύρσα
1224 1339 1321 1372 σοι·
1363 1317 1746 1389 θρανεύσεται)
1771 1321 2021 1374 transiret

201 1409 301 1462 nisi
356 1410 605 1479 longiore
670 1410 1042 1462 intercedente
1103 1411 1296 1481 spati03
1370 1411 1612 1481 singulos
1673 1420 1851 1464 autem
1898 1421 2021 1483 post

199 1501 294 1552 hos
335 1519 545 1569 quoque
583 1500 837 1552 insiciarii
880 1500 1148 1553 excidisse
1189 1519 1394 1569 versus,
1454 1502 1614 1554 facile
1654 1520 1681 1552 e
1721 1503 2014 1573 stichomy-

198 1591 338 1644 thiea
378 1591 683 1658 systematis
724 1591 1086 1662 perspicietur
1126 1591 1326 1658 indole,
1368 1593 1508 1661 quod
1548 1611 1717 1662 usque
1750 1593 1817 1645 ad
1846 1594 2018 1646 v.372

197 1681 270 1733 sic
312 1681 666 1734 ordinandum
707 1683 836 1734 mihi
877 1682 1114 1734 videtur:

427 1787 874 1864 Ἀλλαντοπώλης
913 1833 940 1844 v
963 1819 993 1845 L
1017 1833 1043 1844 υ
1064 1838 1099 1843 -
1125 1832 1152 1845 υ
1176 1819 1207 1844 ι
1230 1833 1257 1845 υ
1279 1838 1314 1844 -

552 1884 866 1956 Παᾳλαγων
906 1880 929 1953 ἦ
966 1880 1139 1952 βύρσα
1176 1904 1273 1938 σοι·
1313 1881 1671 1953 θρανεύσεται

660 1967 803 2027 >Αλλη
897 2000 1288 2027 νιν-νιν-

663 2066 847 2135 ΙῙαφλ.
887 2067 974 2118 δια
1010 2064 1447 2137 πατταλενθήσει
1483 2068 1647 2135 χαμαί

662 2150 803 2208 Ἀλλ.
895 2181 1288 2209 νιν-νιν-

663 2247 847 2318 Παᾳλ.
885 2248 1024 2314 δερῶ
1065 2267 1122 2301 σε
1163 2244 1405 2301 θύλακον
1446 2249 1652 2318 κλοπῆς

663 2329 803 2389 Ἀλλ.
886 2334 1242 2406 περικόμματ’
1287 2337 1343 2391 ἐκ
1382 2342 1480 2391 σοῦ
1520 2334 1782 2391 σκευάσω.

338 2453 490 2505 Neve
546 2454 662 2523 quis
721 2454 971 2507 insiciarii
1029 2463 1111 2507 ter
1174 2456 1514 2508 intercidisse
1573 2457 1717 2508 dicta
1767 2457 2018 2522 miretur3

202 2559 333 2609 quae
359 2542 512 2593 facile
549 2543 666 2594 fieri
705 2545 876 2613 potuit
912 2554 969 2596 ut
1004 2545 1058 2598 in
1079 2546 1462 2615 Aristophanis
1491 2547 1786 2616 archetypo
1826 2546 2018 2598 iisdem

203 2652 318 2684 eum
360 2633 581 2687 Cleonis
618 2636 888 2705 responsis
927 2637 1170 2690 versibus
1224 2639 1612 2709 comprehensa
1648 2657 1752 2689 una
1789 2637 2018 2708 paginae

201 2731 350 2792 parte
393 2724 627 2776 extincta
668 2726 1042 2796 perderentur.

339 2834 591 2885 Alterum
653 2835 717 2886 de
776 2854 879 2904 quo
935 2837 1115 2904 agitur
1181 2845 1418 2906 systema
1470 2836 1789 2905 (441—456)
1850 2839 2019 2892 multo

204 2922 376 2974 minus
414 2933 493 2974 est
531 2934 855 2996 corruptum,
894 2927 1104 2979 mendis
1131 2934 1311 2979 tamen
1351 2946 1416 2980 ne
1457 2928 1557 2979 hoe
1593 2929 1809 2997 quidem
1848 2937 2017 2982 vacat.

204 3011 437 3064 Primum
479 3014 618 3065 enim
659 3025 801 3067 reete
847 3017 1120 3085 Bergkius
1160 3017 1292 3069 vidit
1327 3019 1492 3070 v.441
1531 3015 1593 3070 τὸ
1632 3020 1822 3086 πνεῦμ’
1864 3015 2020 3072 ἔλατ-

203 3122 296 3152 τον
318 3102 541 3171 γίγνεται
573 3125 680 3156 non
712 3107 981 3158 insiciario
1014 3108 1360 3160 tribuendum
1389 3109 1482 3162 sed
1504 3109 1862 3162 Demostheni
1895 3127 2017 3161 con-

206 3192 517 3245 tinuandum
570 3212 686 3246 esse
727 3196 978 3267 idemque
1017 3206 1164 3250 recte
1207 3198 1487 3264 dubitavit,
1533 3217 1659 3250 num
1694 3198 2016 3251 Demosthe·

206 3280 284 3331 nis
325 3283 563 3335 oratione
599 3283 813 3337 dimetri
870 3289 1079 3356 possint
1126 3289 1384 3342 inchoari.
1458 3288 1573 3343 Sed
1610 3291 1835 3361 egregie
1873 3298 2017 3343 errat
