2171 3752
340 492 612 559 Ioannes
662 491 934 559 Iacobus
991 491 1140 559 Oeri
1205 493 1286 559 de
1343 492 1468 560 vita
1518 515 1651 560 sua.

226 723 397 776 Natus
435 743 550 775 sum
583 723 814 775 Lauseni
859 723 915 775 in
957 724 1072 791 agri
1101 723 1414 775 Basiliensis
1455 725 1570 775 vico
1613 744 1656 776 a.
1684 725 1733 777 ci.
1757 727 1904 779 VIII

88 813 210 866 Kal.
236 813 336 866 Iul.
373 813 497 865 anni
530 812 686 864 huius
727 813 924 864 saeculi
946 812 1287 864 XXXXIIH
1308 822 1457 882 patre
1487 814 1686 866 Ioanne
1709 816 1902 868 Iacobo

90 903 239 971 Ocri,
297 904 387 972 qui
427 922 578 955 sacro
618 903 689 954 ibi
731 903 974 973 fungitur
1014 903 1328 970 ministeriO,
1391 913 1557 955 matre
1593 905 1760 957 Maria
1800 906 1902 957 Lu-

88 993 276 1045 dovica
315 993 380 1044 de
419 1002 580 1062 gente
619 992 992 1059 Burckhardt,
1050 992 1241 1060 quibus
1281 991 1519 1062 utrisque
1560 1014 1900 1066 summopere

88 1083 301 1152 gaudeo
342 1082 491 1134 vivis,
541 1081 860 1134 Primordiis
900 1081 1200 1132 litterarum
1238 1102 1267 1132 a
1309 1090 1458 1151 parte
1501 1082 1730 1136 imbutus
1767 1105 1902 1138 anno

85 1173 228 1226 LIII
263 1172 602 1242 gymnasium
633 1172 739 1223 adii
762 1172 1078 1237 Basiliensc,
1118 1172 1259 1239 quod
1293 1181 1418 1223 tune
1442 1173 1675 1225 Rudolfo
1699 1175 1902 1228 Burck-

85 1263 275 1314 hardto
337 1263 562 1314 florebat
615 1272 843 1315 rectore.
915 1262 1024 1315 Ubi
1079 1271 1361 1331 postquam
1417 1263 1577 1314 Rothi
1626 1264 1903 1317 Fechteri-

92 1370 195 1420 que
236 1351 550 1422 praesertim
601 1352 824 1421 egre-gia
864 1352 1147 1422 disciplina
1188 1352 1484 1404 litterarum
1525 1372 1674 1404 amor
1726 1354 1781 1404 in
1819 1373 1903 1407 me

87 1449 242 1494 natus
283 1450 379 1508 est,
419 1442 657 1494 eiusdem
693 1443 840 1494 urbis
879 1442 1004 1493 inde
1044 1443 1106 1494 ab
1146 1461 1284 1493 anno
1311 1442 1530 1494 LVHH
1565 1444 1903 1512 frequentavi

86 1532 503 1604 paedagogium,
561 1533 742 1602 ibique
786 1532 1178 1598 Burckhardto,
1236 1532 1557 1599 Gerlachio,
1621 1532 1902 1600 Muessero,

87 1622 1157 1691 Ribbeckio‚Vischero,W⁷ackernagelio
1179 1622 1403 1691 aliisque
1428 1622 1899 1692 praestantissimis

84 1731 209 1765 usus
233 1731 350 1764 sum
367 1714 824 1784 praeceptoribus.
867 1712 1238 1777 Aestate‘anni
1255 1711 1416 1763 LXII
1434 1712 1736 1764 academiae
1750 1713 1899 1764 Basi-

85 1801 271 1854 liensis
311 1802 514 1854 civibus
557 1804 850 1873 ascriptus,
910 1822 1008 1873 per
1047 1803 1179 1854 duos
1219 1821 1384 1853 annos
1427 1802 1680 1854 docentes
1719 1804 1897 1855 audivi

86 1891 229 1943 viros
269 1893 592 1945 clarissimos
633 1893 930 1959 Bernoulli‚
987 1893 1351 1960 Burckhardt,
1409 1892 1664 1960 Gerlach,
1716 1894 1899 1947 Kiess·

85 1981 222 2052 ling,
253 1981 547 2050 Picchioni,
576 1983 838 2044 Ribbeck,
866 1983 1290 2051 Wackernagel,
1328 1982 1576 2034 Vischer.
1618 1982 1902 2036 Praeterea

88 2072 314 2141 contigit
373 2074 501 2124 mihi
544 2073 821 2140 Gerlachi,
876 2073 1158 2139 Ribbecki,
1220 2074 1274 2125 in
1314 2074 1462 2126 cuius
1497 2075 1674 2126 locum
1716 2073 1899 2126 Kicss-

87 2159 288 2230 lingius
328 2171 511 2231 postca
552 2163 827 2229 successit,
872 2164 1234 2233 Vischerique
1274 2165 1668 2233 benevolentia,
1721 2174 1778 2216 ut
1821 2182 1901 2216 se-

87 2250 295 2303 minarii
351 2252 664 2322 philologici
706 2271 802 2323 per
843 2253 943 2304 tria
982 2253 1260 2304 semestria
1303 2253 1502 2306 sodalis
1546 2272 1718 2306 essem
1758 2254 1897 2306 ordi-

87 2343 283 2396 narius.
325 2343 520 2395 Basilia
559 2343 685 2395 inde
723 2343 912 2395 relicta
942 2342 1181 2394 Bonnam
1224 2362 1307 2395 me
1349 2344 1548 2395 contuli
1588 2344 1766 2411 ibique
1803 2361 1902 2412 per

84 2441 170 2484 ter
230 2451 328 2484 sex
384 2452 594 2486 menses
651 2433 860 2485 scholas
934 2433 1270 2501 frequentavi
1333 2434 1542 2499 Iahnii,
1622 2432 1901 2500 Ritscheli,

12 2549 26 2566 ο
86 2520 387 2590 Schaeferi,
442 2524 745 2594 Springeri,
799 2523 1194 2574 Waehsmuthi.
1270 2524 1313 2575 E
1358 2524 1549 2593 quibus
1586 2523 1806 2574 Iahnius
1846 2523 1903 2573 in

87 2612 398 2664 societatem
419 2613 902 2683 archaeologicam,
926 2611 1250 2665 Schacfcrus
1276 2612 1332 2662 in
1361 2612 1688 2677 historicam,
1711 2610 1893 2681 Sprin—

85 2719 248 2770 gerus
288 2711 464 2754 autem
500 2703 553 2754 in
601 2722 713 2755 cam
747 2721 829 2754 me
871 2703 1090 2772 recepit,
1130 2702 1217 2754 ubi
1265 2702 1578 2754 recentioris
1617 2702 1746 2753 artis
1787 2721 1895 2754 mo-

87 2797 341 2840 numenta
369 2799 598 2842 enarrat.
639 2791 850 2858 Quibus
886 2810 1024 2841 nunc
1061 2798 1118 2841 ut
1147 2791 1389 2842 omnibus
1417 2792 1715 2844 studiorum
1755 2809 1894 2843 meo—

85 2897 201 2929 rum
240 2877 533 2929 fautoribus
576 2877 774 2947 gratias
814 2894 915 2945 ago
956 2895 1113 2947 quam
1153 2877 1427 2931 maximas.
