2171 3752
1103 215 1136 267 2

359 374 515 442 Quod
553 379 729 424 autem
766 370 820 421 in
860 367 1142 437 tragoedia
1183 385 1211 416 a
1246 363 1426 416 multis
1463 370 1748 414 tractatum
1796 371 1848 414 et
1887 380 2037 434 prae·

221 475 493 540 paratum,
532 463 627 516 sed
670 462 734 514 ad
773 461 935 512 finem
971 456 1208 510 nondum
1256 454 1581 524 perductum
1621 462 1718 521 est,
1767 453 1824 505 id
1860 454 1915 505 in
1954 471 2037 504 eo-

223 557 434 611 moedia
468 571 636 621 usque
675 551 741 603 ad
773 551 873 602 hoe
904 557 1114 618 tempus
1155 547 1289 598 miro
1319 545 1476 596 modo
1508 544 1817 613 neglectum
1857 543 2039 596 iacuit.

223 646 478 714 Quamvis
516 643 655 695 enim
696 642 812 692 luce
853 640 1043 690 clarius
1082 637 1164 704 sit,
1204 655 1312 688 non
1357 635 1530 686 solum
1571 634 1636 685 ad
1661 634 2040 705 Aristophanis

223 747 408 804 artem,
467 735 558 786 sed
615 733 667 783 in
707 731 1014 782 universum
1052 727 1116 779 ad
1159 745 1264 792 eaS,
1323 744 1451 793 quas
1493 725 1722 776 scaenici
1758 733 1950 795 poetae
1987 723 2040 776 in

223 826 589 880 diverbiorum
636 819 1019 890 compositione
1059 818 1225 869 secuti
1267 816 1385 881 sint,
1442 816 1594 883 leges
1636 815 2042 884 cognoscendas

223 912 732 987 idrperquirendum
774 928 905 974 esse,
958 928 1083 959 num
1129 907 1332 958 comica
1393 922 1604 976 quoque
1644 906 1795 958 Musa
1834 913 2043 958 vestem

223 1007 322 1060 sibi
362 1006 426 1056 ad
471 1005 613 1055 illam
657 999 1029 1053 concinnitatis
1069 1016 1310 1048 normam
1352 997 1522 1067 aptari
1564 1015 1721 1067 passa
1761 996 1846 1062 sit,
1884 996 2042 1067 pauci

224 1106 400 1148 tamen
430 1095 742 1158 extiterunt,
768 1089 855 1160 qui
879 1089 980 1140 huc
1002 1089 1237 1139 animum
1260 1085 1620 1152 attenderent,
1652 1103 1830 1154 neque
1867 1086 1920 1137 hi
1943 1085 2042 1138 nisi

224 1186 392 1238 obiter
431 1184 496 1234 de
520 1179 936 1251 Aristophaneis
976 1177 1143 1229 locuti
1184 1184 1307 1228 sunt
1337 1175 1781 1246 responsionibus
1815 1183 2043 1245 excepto

223 1295 324 1328 uno
363 1273 641 1342 Helbigio.

360 1365 601 1431 Quorum
658 1361 860 1430 primus
915 1358 1015 1409 fuit
1057 1356 1403 1409 Godofredus
1444 1355 1803 1422 Hcrmannus,
1855 1355 1945 1424 qui
1988 1355 2045 1406 in

224 1457 472 1507 clement.
508 1452 677 1503 doctr.
705 1458 856 1501 metr.
894 1467 946 1518 p.
971 1447 1068 1499 723
1105 1455 1389 1517 postquam
1425 1447 1489 1497 de
1529 1464 1589 1497 ea
1628 1463 1764 1515 quae
1801 1445 1855 1496 in
1894 1463 2044 1516 para-

225 1545 336 1597 basi
374 1542 709 1595 inveniretur
748 1539 1003 1590 rhematis
1057 1537 1168 1605 egit
1207 1546 1365 1607 atque
1409 1535 1784 1605 epiri-bematis
1822 1552 2044 1605 respon-

224 1637 400 1687 sione:
461 1633 603 1686 ‘Non
640 1639 817 1683 autem
866 1630 919 1680 in
957 1629 1070 1681 sola
1112 1627 1392 1699 parabasi'‚
1446 1627 1637 1697 inquit,
1683 1627 1801 1678 ‘hac
1850 1626 2046 1696 repeti-

227 1727 400 1778 tiones
452 1729 738 1793 usurpatae
783 1721 1016 1784 fuerunt,
1073 1717 1168 1770 sed
1221 1719 1419 1769 multae
1471 1718 1631 1768 etiam
1681 1717 1816 1768 aliae
1866 1724 2046 1787 partes

227 1814 624 1866 comoediarum
663 1829 866 1879 eaeque
905 1810 1175 1861 interdum
1215 1809 1565 1879 longissimae
1604 1809 1813 1879 aequali
1852 1818 2046 1862 metro-
2100 1838 2102 1841 ·

226 1925 343 1957 rum
389 1903 791 1974 comparatione
832 1901 930 1953 sibi
988 1900 1335 1971 respondent.
1411 1899 1487 1953 Ut
1537 1899 1589 1950 in
1640 1899 1850 1952 Avibus
1894 1900 1985 1952 ubi
2017 1919 2047 1950 a

227 2015 274 2047 v.
311 1996 411 2047 551
452 1995 625 2065 primo
665 1991 902 2060 stropha,
944 1990 1138 2042 deinde
1180 1998 1287 2041 tres
1343 1998 1394 2041 et
1433 1990 1712 2058 sexaginta
1749 1989 2045 2042 tetrametri

229 2084 552 2155 anapaestici
597 2091 736 2150 sunt,
796 2100 1023 2150 quorum
1064 2082 1119 2132 in
1155 2081 1260 2132 fine
1301 2089 1540 2148 systema
1593 2080 1828 2151 positum
1868 2088 1947 2132 est
1985 2098 2054 2132 ex

230 2175 467 2226 dimetris
524 2171 876 2244 anapaesticis
934 2189 1104 2239 eaque
1152 2181 1320 2222 metra
1375 2170 1571 2222 deinde
1625 2171 1803 2223 omnia
1861 2170 2052 2222 eadem

235 2266 359 2334 lege
399 2272 717 2334 repetuntur
755 2283 784 2314 a
822 2282 872 2313 v.
912 2262 1046 2314 626’.
1122 2262 1241 2327 Quo
1280 2261 1530 2331 exemplo
1568 2261 1911 2312 manifestum
1958 2270 2054 2328 est,

229 2362 663 2406 tetrametrorum
717 2353 1024 2421 significare
1071 2351 1443 2402 Hermannum
1492 2350 1907 2421 responsioneS,
1959 2351 2052 2402 sed

232 2464 352 2496 eum
390 2445 585 2496 multas
625 2443 1024 2495 comoediarum
1082 2451 1265 2512 partes
1305 2441 1513 2509 aequali
1570 2450 1863 2493 metrorum
1912 2459 2054 2493 com-

233 2536 507 2605 paratione
558 2535 656 2586 sibi
714 2533 1046 2604 respondere
1105 2533 1246 2584 dicat
1300 2532 1430 2583 alias
1483 2550 1699 2602 quoque
1734 2541 1894 2600 atque
1934 2533 2054 2584 illas

232 2643 351 2676 eum
406 2625 511 2675 iam
567 2624 796 2677 sensisse
843 2623 1123 2694 probabile
1163 2623 1225 2673 fit
1289 2622 1552 2673 similibus
1614 2622 1877 2674 obnoxias
1937 2640 2054 2676 esse

234 2715 460 2782 legibus,

372 2804 662 2873 Postquam
706 2804 894 2856 eodem
959 2805 1073 2855 fere
1114 2823 1216 2873 quo
1259 2804 1603 2854 Hermannus
1658 2802 1791 2854 haee
1839 2800 2053 2872 scripsit

234 2904 477 2964 ternpore
517 2894 786 2963 Reisigius
829 2912 1040 2964 quoque
1081 2895 1133 2946 in
1177 2893 1538 2945 coniectaneis
1579 2911 1629 2962 p.
1653 2892 1755 2943 203
1793 2891 1860 2942 de
1894 2890 2052 2942 simili

235 2985 288 3034 in
310 2984 609 3053 Lysistrata
644 2984 993 3054 responsione
1032 2984 1243 3035 loeutus
1273 2991 1367 3048 est,
1401 3000 1499 3052 per
1534 2981 1754 3050 longam
1790 2999 2051 3032 annorum

237 3074 429 3124 seriem
466 3075 599 3126 nihil
637 3075 758 3125 novi
802 3075 866 3126 de
905 3074 1277 3146 responsionis
1317 3073 1458 3144 apud
1497 3071 1916 3142 Aristophanem
1954 3089 2050 3122 usu

238 3165 502 3232 prolatum
542 3173 636 3230 est,
676 3165 775 3215 nisi
809 3165 950 3232 quod
981 3165 1234 3233 Engerus
1271 3163 1335 3214 ad
1360 3162 1690 3231 Lysistratae
1724 3181 1772 3213 v,
1810 3161 1912 3214 532
1934 3161 2054 3214 Rei-

238 3253 357 3320 sigii
393 3253 528 3304 hanc
560 3254 965 3324 responsionem
997 3255 1173 3306 denuo
1213 3252 1556 3318 examinavit,
1589 3252 1759 3304 donec
1785 3251 2053 3322 Sauppius

237 3341 300 3391 ad
346 3342 478 3393 hane
542 3343 903 3409 quaestionem
946 3343 1187 3394 accessit.
1263 3342 1367 3407 Qui
1413 3362 1532 3394 cum
1572 3343 1625 3393 in
1672 3342 1899 3412 epistola
1955 3341 2052 3393 cri-
