2171 3752
1078 183 1147 235 24

349 339 479 392 Eam
523 357 680 407 quam
722 339 778 390 in
815 336 1231 407 Lysistrata
1287 335 1413 387 dum
1468 335 1524 388 in
1566 353 1814 388 scaenam
1852 335 2036 407 prodit
2106 392 2109 394 ,

212 429 470 503 probulus
526 429 686 480 habet
762 428 1058 478 orationem
1121 429 1226 489 (vv,
1274 425 1537 493 387—98)
1594 426 1964 497 unusquisque
2003 435 2035 476 'e

215 522 384 573 tribus
430 527 808 587 quaternorum
841 534 1096 568 versuum
1131 515 1281 568 videt
1318 523 1565 567 constare
1607 516 1866 585 partibus,
1902 532 2033 582 quas
2103 523 2106 527 ’

217 619 442 681 quatuor
481 608 712 678 primum
746 623 932 658 senum
976 605 1100 658 inde
1127 614 1306 656 autem
1333 605 1548 674 probuli
1588 605 1764 658 denuo
1807 614 2035 675 quatuor

216 698 493 769 excipiunt
543 714 730 748 versus
788 696 965 761 (399-
982 697 1100 747 402.
1138 695 1399 763 403-6);
1453 704 1635 748 cetera
1689 695 1802 748 eius
1862 696 2034 749 oratio

214 787 566 858 aequabiliter
601 804 710 838 non
749 793 830 836 est
866 783 1179 854 composita.

350 877 413 929 In
452 875 905 947 'Thesmopho
929 874 1231 927 riazusis
1270 874 1555 944 quinquies
1596 875 1763 926 ternis
1787 875 2034 929 versibus

218 967 422 1038 primae
465 966 704 1018 mulieris
745 976 931 1018 contra
953 964 1270 1036 Euripidem
1295 964 1483 1035 incipit
1522 965 1691 1016 oratio
1733 964 2035 1034 (383—97),

213 1057 533 1110 Mnesilochi
560 1059 600 1123 l)
649 1066 826 1109 autem
866 1057 1008 1108 inter
1054 1055 1307 1107 mulieres
1364 1056 1532 1108 oratio
1587 1057 1695 1121 (vv.
1736 1055 2036 1121 466—519)

216 1146 470 1214 quinariis
510 1147 725 1217 proprie.
767 1147 1062 1216 composita
1097 1154 1178 1197 est
1215 1145 1503 1213 membris3
1554 1146 1636 1198 bis
1678 1146 1853 1214 quinis
1892 1146 2035 1211 enim

214 1236 453 1287 versibus
508 1237 827 1303 (we-*475
887 1237 1110 1306 exponit
1167 1244 1344 1289 orator
1394 1255 1450 1288 se
1506 1236 1825 1308 Euripidem
1876 1256 2034 1306 quam

217 1326 447 1377 maxime
489 1326 703 1396 quidem
743 1326 935 1392 odisse,
976 1327 1067 1378 sed
1099 1327 1254 1396 plura
1290 1335 1467 1379 tamen
1490 1327 1858 1380 amulieribus
1896 1328 2036 1380 mala

212 1416 326 1467 fieri
367 1434 522 1483 quam
570 1417 659 1468 illc
703 1417 1025 1482 enuntiarit3
1084 1417 1233 1469 cuius
1284 1417 1412 1470 inde
1470 1419 1547 1469 rei
1597 1435 1665 1469 ne
1724 1418 2035 1490 exemplum

213 1505 349 1558 desit
387 1506 707 1558 adulterium
759 1508 992 1578 primum
1043 1517 1123 1560 ter
1177 1508 1349 1577 quinis
1408 1509 1653 1561 versibus
1709 1509 2032 1577 (476-490)

211 1603 409 1663 narrat,
459 1597 523 1648 ab
563 1597 693 1666 ipsa,
748 1615 904 1666 quam
950 1617 1005 1649 se
1044 1598 1201 1668 fingit
1235 1616 1354 1651 esse
1396 1599 1621 1650 muliere
1671 1598 2032 1667 commissum,

210 1696 319 1738 tum
360 1703 488 1737 vero
519 1687 705 1738 eodem
735 1706 959 1741 numero
984 1689 1206 1759 infantis
1236 1689 1662 1760 suppositionem
1687 1689 2031 1757 (502-516),

211 1795 313 1844 qua
353 1777 455 1828 alia
494 1777 738 1830 fraudem
771 1779 958 1830 marito
1001 1779 1211 1847 fecerit,
1252 1798 1355 1849 qua
1387 1780 1560 1832 relata
1587 1780 1759 1832 tribus
1784 1779 2032 1833 versibus

211 1869 463 1922 orationis
501 1870 664 1922 finem
703 1871 849 1924 facit.

378 2039 419 2090 1)
455 2037 538 2081 Vv.
571 2040 807 2083 496-501
841 2039 969 2083 uncis
1003 2040 1270 2084 includendi
1304 2044 1425 2086 sunt.
