2171 3752
1071 173 1138 225 32

198 329 636 385 antecedentibus
692 327 1029 378 coniunctam
1088 341 1236 390 esse,
1293 323 1494 394 quippe
1546 323 1638 375 ubi
1696 322 1765 376 de
1817 321 2008 374 iisdem

195 430 385 490 agatur
441 416 757 487 cuppediis,-
796 434 926 485 quas
967 416 1202 467 Boeotus
1244 414 1623 483 Dicaeopolidi
1683 412 1843 466 modo
1881 430 2009 465 ven-

197 512 345 563 didit.
1962 508 1964 511 ⁴

333 598 589 651 Praemisi
625 598 756 649 haee
791 613 926 666 quae
970 595 1024 646 in
1061 594 1315 664 episodiis
1357 594 1746 661 invenirentur,
1786 611 2008 663 respon-

194 690 356 743 sionis
392 689 638 758 exempla
680 705 783 757 quo
839 685 1048 737 facilius
1099 685 1308 736 duobus
1349 702 1563 755 semper
1611 684 1815 736 scaenis
1852 702 2011 753 argu-

196 789 373 832 mento
454 778 694 848 cognatis
770 794 1116 827 numerorum
1187 793 1401 845 quoque
1460 775 1836 844 perciperetur
1891 793 2012 826 con-

194 869 469 935 gruentia3
504 886 646 920 nunc
683 866 750 918 ad
788 884 878 916 eas
913 865 1074 917 venio
1115 883 1352 932 scaenas,
1391 865 1583 935 quibus
1622 883 1731 917 non
1768 883 1873 916 una
1917 864 2011 916 ali-

195 978 296 1029 qua
343 977 428 1010 res
466 958 896 1024 demonstratur,
957 956 1052 1008 sed
1092 974 1224 1026 quae
1269 974 1295 1006 e
1337 956 1496 1007 totius
1532 955 1748 1007 fabulae
1788 955 2013 1007 consilio

193 1058 349 1120 atque
405 1058 723 1117 argumento
778 1048 1083 1101 necessario
1136 1047 1376 1116 pendent
1417 1046 1656 1097 vinculo.
1730 1045 1925 1110 Qualia
1958 1044 2013 1096 in

192 1139 639 1210 Equitibus1)
688 1139 794 1190 duo
837 1146 961 1190 sunt
1016 1145 1231 1189 centum
1291 1136 1697 1204 quatuordecim
1760 1154 2013 1187 versuum

193 1229 448 1294 diverbia,
486 1230 593 1280 ubi.
649 1229 855 1280 Demus
893 1229 957 1280 ab
1002 1227 1307 1294 insiciario,
1350 1236 1408 1278 ut
1454 1226 1864 1297 Paphlagonem
1905 1244 2013 1277 am·

193 1318 331 1387 plius
395 1336 500 1369 non
558 1318 721 1382 ferat,
780 1324 1160 1387 permovetur3
1223 1335 1450 1385 quorum
1496 1316 1549 1366 in
1591 1314 1772 1384 priore
1819 1315 2017 1381 (997—

197 1407 620 1464 1110‘)01·aculis
672 1406 1114 1458 adversariorum
1171 1405 1305 1456 alter
1342 1406 1568 1456 alterum
1621 1405 1799 1457 studet
1861 1422 2015 1476 supe-

192 1516 323 1557 rare,
364 1498 418 1548 in
454 1497 622 1548 altero
659 1496 1047 1562 (nol—1262)
1081 1495 1234 1546 donis
1275 1495 1688 1566 Paphlagonem
1724 1495 1893 1548 vincit
1931 1497 2013 1548 in-

192 1587 447 1638 siciarius.

327 1676 390 1727 In
432 1676 746 1746 Vespis2)
803 1683 1082 1745 postquam
1123 1674 1422 1743 Bdelycleo
1467 1676 1604 1745 patri
1661 1676 1853 1728 melius
1899 1677 2016 1728 fore

192 1765 472 1834 persuasit,
511 1765 551 1817 si
573 1765 841 1816 heliaeam
882 1765 1231 1835 frequentare
1274 1764 1564 1832 desineret,
1602 1766 1654 1817 id
1698 1774 1879 1818 tamen
1918 1766 2012 1818 ille

192 1856 252 1906 ab
283 1873 344 1906 eo
372 1855 639 1924 impetrat,
672 1863 730 1906 ut
771 1855 913 1906 domi
944 1854 1222 1925 proprium
1272 1855 1370 1906 sibi
1415 1856 1573 1907 liceat
1609 1855 1847 1908 condere
1877 1855 2013 1908 iudi-

192 1945 332 1996 cium
370 1953 528 2015 atque
570 1946 712 1997 hunc
767 1945 833 1997 ad
874 1947 1036 1998 finem
1095 1963 1306 1997 omnem
1368 1964 1472 2014 quo
1534 1945 1700 1997 iudici
1742 1964 1876 2015 opus
1934 1953 2015 1998 est

191 2043 505 2105 apparatum
552 2035 644 2086 filii
685 2035 889 2087 auxilio
935 2034 1159 2087 arcessit
1215 2035 1558 2101 (760—862).
1633 2035 1737 2090 Cui
1795 2044 2011 2087 centum

192 2123 415 2175 duorum
453 2142 703 2175 versuum
735 2143 960 2176 scaenae
993 2125 1160 2176 altera
1203 2126 1394 2176 eodem
1431 2124 1725 2194 respondet
1768 2143 2011 2192 numero,

190 2211 244 2263 in
284 2232 385 2282 qua
423 2231 558 2264 unus
598 2213 740 2263 canis
782 2213 1137 2265 Philocleone
1179 2214 1353 2265 iudice
1395 2214 1543 2265 litem
1580 2214 1731 2266 alteri
1773 2214 2009 2268 intendit

191 2300 529 2368 (Sol—9945.
596 2301 737 2366 -Quo
792 2303 1070 2369 absoluto,
1135 2304 1542 2373 quatuordecim
1601 2304 1763 2356 habes
1818 2323 2010 2357 versus

190 2390 564 2456 <wo—1008),
605 2391 730 2442 dum
758 2392 1057 2461 ssdelycleo
1080 2393 1469 2462 Philocleoque
1495 2394 1594 2446 soli
1632 2395 1688 2446 in
1712 2403 2008 2464 conspectu

191 2488 548 2546 spectatorum
601 2492 819 2534 manent
874 2483 1070 2552 hicque
1113 2485 1256 2537 illius
1301 2486 1511 2537 levatur
1548 2485 2007 2538 consolationibus

191 2567 510 2621 iudiciorum
553 2571 670 2623 loco
709 2573 1078 2640 pulcherrima
1117 2574 1365 2625 convivia
1403 2574 1781 2644 promittentis.

330 2659 1190 2732 Thesmophoriazusarum
1234 2665 1405 2735 prima
1439 2665 1579 2718 inter
1615 2665 2010 2718 Mnesilochum

190 2747 613 2819 Euripidemque
657 2769 846 2803 scaena
883 2754 1101 2819 (1—38)
1149 2754 1371 2822 triginta
1422 2762 1542 2806 octo
1587 2762 1796 2807 constat
1841 2755 2006 2807 versi—

193 2838 316 2904 bus,
372 2838 607 2906 itemque
655 2843 948 2894 eorundem
987 2861 1122 2913 quae
1165 2863 1290 2896 mox
1333 2844 1575 2911 sequitur
1619 2845 1789 2896 altera
1848 2844 2008 2913 (63—

197 2927 333 2994 1003.
372 2929 553 2979 famuli
593 2930 700 2996 illa,
744 2932 872 2983 hacc
910 2933 1077 3001 ipsius
1116 2934 1423 3003 Agathonis
1463 2934 1695 2986 adventu
1736 2934 1905 2986 finita.

313 3200 354 3250 1)
386 3200 505 3242 Ante
543 3204 747 3246 vv.1037
781 3206 829 3245 et
863 3205 972 3248 1‘204
1006 3219 1122 3247 unus
1157 3205 1329 3248 excidit
1363 3220 1539 3249 versus.

312 3279 355 3331 2)
387 3278 500 3321 Dele
531 3295 602 3325 vv,
633 3283 733 3334 842,
767 3284 864 3327 903.
