2171 3752
1060 167 1124 218 10

322 319 385 371 V.
426 319 522 369 135
578 314 715 383 ἔχων
766 311 1008 384 τρόπους
1062 313 1801 386 φρυαγμοσεμνακοῑοτίνοτς

180 416 331 460 recte
372 427 399 458 a
436 407 712 460 Meinckio
766 414 885 475 post
939 424 988 455 v.
1035 405 1133 455 110
1188 403 1542 473 transpositus
1594 413 1673 455 est
1731 403 1822 468 (cf.
1852 401 2000 455 vind.

181 498 281 549 Ar.
312 496 419 561 25).

323 587 389 638 V.
434 585 531 636 712
573 588 662 637 νῦν
701 586 744 637 ὸ’
787 581 974 651 ὥσπερ
1014 578 1292 651 ἐλαολόγοι
1345 583 1572 650 χωρεῖθ’
1622 579 1731 650 ἅμα
1777 584 1853 651 τῷ
1910 577 2005 632 τὸν

1442 669 1650 740 μισθὸν
1691 670 1867 738 ἔχοντι

181 768 246 819 ab
296 766 681 835 interpolatore
731 762 1117 831 Bdelycleonis
1155 762 1382 813 orationi
1440 761 1678 813 adiectus
1720 770 1817 814 est.
1897 759 2005 824 Qui

183 856 321 907 enim
380 862 502 906 sunt
549 854 602 904 hi
656 849 948 920 ἐλαολόγοι,
1004 851 1069 902 de
1129 851 1321 920 quibus
1362 851 1496 902 nihil
1551 859 1737 902 notum
1775 860 1857 902 est
1903 850 2005 903 nisi

185 945 329 1016 quod
359 943 643 997 scholiasta
673 961 741 994 ex
779 943 894 1013 ipso
941 949 1124 993 nostro
1165 942 1284 992 loco
1315 941 1568 1009 colligit?
1627 941 1740 994 Cur
1779 940 1832 991 hi
1872 958 2006 992 mer-

183 1035 331 1086 cedis
367 1034 538 1103 magis
578 1053 735 1102 quam
772 1032 859 1084 alii
903 1031 1180 1100 cupientes
1218 1031 1368 1083 sint?
1416 1030 1527 1084 Sed
1554 1038 1613 1081 ut
1649 1030 1849 1100 largiar
1886 1029 2008 1101 pul-

184 1125 477 1178 cherrimas
514 1122 770 1192 quasdam
809 1122 863 1172 in
903 1121 1002 1172 hoc
1035 1139 1195 1171 versu
1236 1120 1403 1172 latere
1445 1120 1685 1187 facetiaS,
1725 1120 1778 1172 id
1820 1138 2008 1172 conce-

186 1216 313 1268 dere
368 1233 474 1266 non
529 1232 762 1284 possum,
818 1212 942 1264 huic
999 1229 1086 1262 eas
1144 1212 1258 1262 loco
1313 1211 1622 1262 convenire.
1696 1209 1825 1262 Eius
1867 1209 2010 1262 enim

185 1307 272 1375 qui
327 1305 598 1376 praecedit
644 1322 831 1355 versus
895 1294 1015 1368 ἷίξια
1060 1303 1152 1371 τῆς
1207 1303 1299 1370 γῆς
1358 1293 1727 1363 ἀπολαύοντες
1784 1299 2011 1352 καὶτοῦ

186 1399 498 1465 ΠΙαραθῶνι
554 1395 846 1463 τροπαῖον,
922 1413 1024 1465 quo
1086 1413 1240 1461 quam
1302 1393 1534 1444 maxime
1606 1392 1802 1444 veteris
1866 1392 2011 1444 cives

186 1488 462 1557 dignitatis
499 1486 970 1539 commonefacere
1007 1484 1175 1537 voluit
1212 1493 1369 1553 poeta
1411 1492 1522 1535 tota
1565 1482 1882 1551 infringitur
1913 1481 2011 1548 vis,

187 1579 229 1647 si
276 1579 417 1630 hunc
467 1579 760 1629 retinemus
815 1585 1106 1647 propterea
1149 1575 1308 1644 plane
1359 1591 1832 1644 supervacaneum,
1887 1571 2011 1641 quia

190 1676 502 1739 praesentes
559 1685 645 1720 res
679 1667 742 1718 iis
784 1667 969 1735 quales
1012 1683 1128 1717 esse
1182 1665 1443 1716 deberent
1496 1672 1620 1714 ante
1669 1664 1774 1714 iam
1813 1663 2009 1725 (698-

195 1759 314 1826 705)
355 1759 631 1830 oppositae
670 1766 808 1809 sunt.

441 1863 505 1914 V.
554 1863 656 1915 842
691 1856 1072 1930 κατηγορήσειν
1113 1853 1174 1930 ἤν
1214 1880 1292 1923 τις
1329 1855 1511 1930 εἰσάγῃ
1547 1853 1756 1930 γραφήν

186 1976 333 2020 recte
373 1968 436 2019 ab
465 1967 772 2019 Hamakero
817 1966 1042 2032 (Mnem.
1079 1964 1185 2030 III,
1214 1964 1334 2030 196)
1374 1962 1743 2034 interpolatori
1783 1961 2014 2014 tributus

189 2066 287 2123 est,
325 2057 445 2127 quia
487 2055 754 2108 accusatio
809 2073 1023 2125 semper
1060 2054 1452 2106 thesmothetac
1490 2052 1759 2104 antecedit
1809 2053 2017 2122 γραφῆς

193 2143 502 2217 εἰσαγωγήν.
776 2148 779 2149 ’

329 2251 396 2303 V.
423 2251 523 2302 903
563 2246 823 2317 πάρεστιν
862 2237 1035 2311 οὗτος.
1078 2279 1146 2285 -
1186 2247 1369 2315 ἕτερος
1414 2235 1572 2310 οὗτος
1614 2235 1679 2298 αἶ’
1722 2241 1915 2315 Λάβης

196 2344 262 2394 ab
297 2343 484 2394 eodem
510 2342 661 2410 (ibid.
687 2340 940 2408 111,199)
972 2340 1174 2391 eiectus
1198 2349 1277 2390 est
1306 2338 1429 2407 quia
1448 2338 1662 2408 utrique
1704 2337 1822 2389 cani
1843 2336 2019 2388 Labes

191 2451 389 2486 nomen
434 2450 548 2483 esse
589 2431 790 2499 nequit.

332 2537 400 2586 V.
445 2536 577 2586 1140
616 2532 783 2603 ἔγνως
821 2530 916 2603 γὰρ
957 2525 1171 2584 ἷίν·νῧν’
1213 2532 1256 2584 δ’
1299 2525 1416 2598 οῧχί
1448 2528 1767 2601 γιγνώσκεις.
1802 2561 1863 2569 -
1887 2527 2022 2600 ἐγώ,-

599 2622 673 2692 pec}
697 2621 791 2675 τὸν
832 2624 912 2677 Δί’
954 2618 1017 2675 οὗ
1057 2622 1258 2675 τοίνυν·

337 2730 642 2782 Hamakero
685 2728 1043 2780 offensionem
1085 2727 1333 2797 praebuit
1386 2726 1609 2791 (Mnem.
1651 2725 1719 2792 V,
1762 2727 1832 2792 1),
1881 2724 2024 2796 quod

203 2821 486 2889 langueret
542 2818 793 2890 quodque
832 2813 970 2886 ἕγώ,·
1028 2817 1152 2868 talia
1210 2825 1412 2867 tantum
1458 2815 1788 2885 praecedere
1826 2815 2026 2867 soleret

196 2927 477 2979 responsa,
534 2908 778 2979 qualibus
834 2915 1125 2975 negaretur
1177 2905 1396 2976 aliquid.
1499 2905 1649 2971 Quae
1725 2923 1844 2955 cum
1896 2903 2026 2955 mihi

205 3017 415 3070 quoque
446 2999 784 3070 displiceant,
815 3017 863 3046 v.
890 2998 1022 3048 1140
1049 3005 1224 3048 tamen
1255 3015 1361 3048 non
1391 2995 1683 3047 delendum
1723 3004 1871 3064 put0,
1906 2994 2029 3063 quia

202 3099 403 3143 mutata
439 3090 874 3162 interpunctione
919 3091 1115 3157 optime
1155 3087 1315 3140 scribi
1354 3094 1556 3158 potest:

481 3193 646 3264 ἔγνως
681 3191 777 3263 γὰρ
818 3189 912 3246 ἂν·
936 3197 1026 3245 νῦν
1062 3194 1104 3246 δ’
1147 3186 1263 3258 οὗχί
1303 3185 1638 3261 γιγνώσκεις;
1680 3219 1741 3225 -—
1779 3184 1878 3258 eya*

475 3280 550 3350 μὰ
587 3280 681 3335 τὸν
719 3283 801 3336 Δί’
847 3275 909 3335 οὗ
948 3282 1144 3334 τοίνυν.
