2171 3752
956 182 1021 233 ‘23

81 335 250 386 multo
288 335 709 404 frequentiorem
752 351 868 385 esse
911 351 1069 401 quam
1110 332 1165 383 in
1200 332 1456 384 trimetris
1492 350 1663 383 usum.
1741 331 1900 397 Quod

44 417 120 476 *si
157 442 284 476 vero
324 424 409 488 hic
447 441 663 492 quoque
709 422 876 472 maior
927 440 1107 472 carum
1149 438 1403 471 numerus
1452 429 1531 472 est
1571 438 1901 486 scaenarum,

80 531 214 582 quae
251 511 515 580 aequabili
555 519 734 563 carent
777 519 1060 577 structura,
1116 528 1178 560 ea
1213 510 1327 579 ipsa
1380 527 1437 561 re
1477 509 1902 561 luculentissime

78 610 206 673 puto
247 601 525 667 declarari,
560 601 985 670 Aristophanem
1023 600 1145 651 huic
1169 617 1514 651 numerorum
1555 598 1901 650 concinnitati

78 691 364 758 studuisse,
403 692 490 743 ubi
533 709 593 742 ea
617 690 828 741 decoris
866 690 1064 758 aliquid
1109 707 1333 741 scaenae
1362 689 1483 740 addi
1522 707 1679 759 posse
1718 688 1903 740 crede-

77 788 188 846 ret3
229 782 438 851 saepius
476 789 652 831 autem
711 798 823 829 cam
864 798 972 830 non
1009 796 1239 830 curasse.
1313 779 1378 831 In
1421 778 1611 830 fabulis
1650 786 1772 848 post
1796 778 1903 845 Ly-

79 870 343 922 sistratam
371 870 507 921 'actis
533 870 598 921 ad
626 889 720 922 nos
759 870 976 938 quidem
1005 870 1123 920 talis
1153 869 1430 940 responsio
1459 868 1703 939 pervenit
1738 867 1903 919 nulla.

222 1064 289 1115 In
329 1062 611 1132 tragoedia
660 1080 819 1132 saepe
865 1062 941 1129 fit,
999 1070 1058 1112 ut
1096 1062 1364 1113 orationes
1421 1082 1448 1112 a
1488 1060 1732 1131 pluribus
1775 1079 1901 1111 con-

81 1161 223 1206 stent
244 1152 485 1223 partibus
510 1152 839 1219 aequalibus,
885 1151 1027 1219 quod
1059 1152 1201 1202 idem
1228 1169 1297 1203 ne
1330 1150 1659 1202 comoediam
1683 1146 1897 1219 quidem

79 1251 420 1313 aspernatum
463 1260 579 1293 csse
618 1243 753 1294 haec
803 1243 1001 1294 docent
1041 1242 1319 1310 exempla:

217 1333 595 1402 Vesparum
641 1352 726 1383 vv.
766 1331 1081 1400 85—1141)‚
1123 1340 1181 1382 ut
1224 1332 1328 1382 iam
1367 1329 1698 1382 Ribbeckius
1747 1330 1903 1380 intel-

77 1422 211 1473 lexit
248 1422 337 1490 (cf.
363 1422 430 1475 N.
455 1421 588 1473 Mus.
615 1423 774 1474 Helv.
811 1421 854 1488 I,
885 1440 934 1490 p.
980 1422 1098 1489 13T)
1137 1420 1428 1473 Xanthiam
1469 1420 1670 1470 habent
1729 1419 1904 1470 decies

80 1511 249 1563 ternis
286 1512 531 1563 versibus
573 1511 776 1562 domini
824 1511 1071 1562 morbum
1114 1508 1530 1580 phileliasticum
1581 1516 1904 1560 narrantem.

226 1599 490 1652 Similiter
512 1601 567 1651 in
591 1600 637 1651 E
660 1621 687 1669 q
706 1619 735 1650 u
752 1601 766 1651 i
784 1600 878 1652 tib
897 1619 928 1650 u
949 1619 972 1651 s
999 1605 1103 1664 (vv.
1131 1597 1363 1666 40—5Y)
1382 1596 1783 1663 Demosthenis,
1805 1614 1907 1664 qua

84 1691 477 1762 spectatoribus
518 1690 739 1744 Cleonis
788 1690 1028 1742 facinora
1067 1691 1379 1740 referuntur
1436 1687 1602 1738 oratio
1645 1695 1727 1738 ter
1765 1687 1906 1739 senis

78 1780 270 1850 incipit
307 1780 573 1848 versibus,
627 1799 853 1849 quorum
895 1780 1067 1851 prima
1101 1798 1226 1850 pars
1279 1778 1345 1829 de
1383 1779 1579 1844 Demo,
1630 1777 1797 1829 altera
1836 1776 1903 1828 de

79 1871 443 1940 Paphlagonis
480 1889 653 1940 nuper
688 1870 851 1941 empti
886 1869 1206 1931 adulatione,
1244 1868 1399 1919 tertia
1437 1868 1502 1919 de
1543 1867 1734 1920 fraude
1771 1867 1903 1935 agit,

76 1980 182 2029 qua.
215 1961 513 2013 alienorum
560 1961 652 2011 ille
693 1960 1077 2012 beneficiorum
1113 1959 1212 2011 sibi
1253 1958 1503 2011 conciliet
1544 1958 1788 2026 gratiam.

217 2053 283 2104 In
324 2070 350 2102 e
367 2072 395 2102 a
414 2052 447 2103 d
467 2070 493 2102 c
516 2055 623 2114 1122)
649 2051 828 2103 fabula
851 2053 954 2115 (vv.
983 2049 1284 2118 624—682)
1312 2048 1609 2100 insiciarius
1636 2048 1902 2119 quomodo

73 2143 128 2195 in
168 2162 289 2194 suas
331 2150 574 2194 senatum
636 2151 816 2212 partes
867 2142 1084 2194 flexerit
1143 2140 1381 2191 oratione
1441 2139 1665 2210 exponit
1711 2156 1905 2191 novem

79 2231 376 2303 composita
427 2231 682 2283 articulis.
760 2231 1002 2296 Quorum
1059 2230 1217 2301 primi
1259 2230 1382 2295 duo,
1434 2230 1523 2280 ubi
1567 2231 1735 2281 refert
1777 2228 1902 2296 quid

80 2321 216 2376 Cleo
260 2322 316 2373 in
357 2321 505 2373 curia
544 2321 785 2372 effecerit
827 2338 1070 2390 quaeque
1123 2320 1238 2391 ipse
1272 2318 1399 2372 inde
1443 2318 1664 2370 consilia
1698 2318 1905 2388 ceperit

77 2411 362 2476 (624-39l,
404 2409 611 2462 octonis
641 2409 1261 2472 continentru'versibuS,
1304 2407 1471 2460 ceteri
1509 2408 1681 2475 senis3
1725 2425 1901 2477 neque

74 2501 130 2554 id
180 2499 587 2570 neglegendum
645 2509 726 2551 est
781 2498 1205 2570 uniuscuiusque
1271 2499 1463 2550 horum
1538 2498 1902 2549 membrorum

77 2591 290 2644 initium
321 2591 639 2661 pronomine
676 2608 791 2642 csse
824 2598 1064 2641 notatum
1105 2594 1173 2653 (v.
1204 2589 1304 2641 632
1330 2580 1549 2657 κᾶγωγε,
1603 2588 1705 2638 640
1740 2579 1900 2655 adyto,

76 2681 176 2734 646
213 2683 322 2732 τῶν
357 2680 429 2744 δὲ,
469 2681 569 2733 652
609 2677 636 2732 ὁ
677 2680 735 2733 δέ
773 2681 871 2732 658
908 2672 1128 2749 κᾶγωγε,
1170 2681 1272 2732 664
1313 2675 1341 2731 ὁ
1380 2679 1438 2731 δέ
1486 2680 1588 2730 670
1627 2674 1676 2730 οἱ
1718 2676 1777 2729 δέ
1802 2676 1900 2729 676

77 2768 178 2840 ἐγώ
218 2770 294 2839 δέ,
343 2772 629 2842 septimum
677 2780 853 2822 autem
913 2771 1197 2838 (664—69)
1250 2788 1555 2838 nonumque
1615 2766 1900 2836 (ow—82)

78 2861 280 2913 duabus
349 2870 622 2914 ternorum
669 2879 923 2913 versuum
985 2860 1224 2931 partibus
1278 2869 1538 2924 constare,
1593 2859 1761 2910 altera
1815 2856 1901 2908 hic

82 2969 295 3022 quoque
333 2952 652 3021 pronomine
702 2951 993 3022 incipiente
1032 2955 1101 3016 (v.
1136 2950 1235 3003 667
1272 2946 1300 3003 ὁ
1343 2949 1415 3014 δέ,
1459 2949 1560 3001 680
1598 2943 1648 3000 οἳ
1689 2946 1786 3014 ὁεῦ.

249 3214 287 3268 1)
322 3214 374 3258 V.
411 3216 491 3258 135
528 3218 635 3271 post
670 3218 753 3258 110
783 3214 1024 3270 ponendus
1059 3218 1143 3257 est.

244 3294 286 3346 2)
322 3291 436 3335 Dele
469 3308 511 3336 v.
543 3295 642 3337 679.
