2171 3752
927 172 994 222 29

107 331 319 393 portam
341 341 546 394 perque
580 324 713 375 retia
746 342 883 394 quae
915 324 1095 375 domui
1133 323 1488 374 circumtenta
1511 327 1649 377 sunt,
1691 321 1922 372 evadere

107 413 325 480 nititur3
369 413 513 483 quod
550 433 671 466 cum
706 433 814 465 non
856 414 1034 480 liceat,
1073 413 1205 464 asini
1245 412 1445 464 auxilio
1474 412 1528 463 in
1570 411 1725 462 tertia
1760 411 1920 462 liber-

107 510 266 555 tatem
308 503 468 574 petit3
507 504 563 554 in
605 512 792 572 quarta
832 504 1081 574 denique,
1121 522 1242 555 cum
1281 520 1456 570 neque
1498 519 1704 553 murem
1744 517 1921 568 neque

105 611 378 662 passerem
439 593 650 663 agendo
713 592 1004 662 quidquam
1074 593 1348 661 proficiat,
1399 591 1635 652 ‚desistit
1687 610 1717 641 a
1770 589 1922 641 vanis

108 683 416 751 conatibus,
468 684 541 734 ita
598 691 657 734 ut
695 682 1002 751 Bdelycleo
1041 681 1414 750 Xanthiasque
1475 680 1640 748 quieti
1681 698 1737 731 se
1798 680 1924 731 dare

105 774 327 842 possint.
1075 782 1080 783 ⁷

246 865 577 917 Ranarum
637 883 736 915 vv.
773 863 1115 929 460-6041)
1171 862 1340 914 tribus
1400 860 1663 930 exemplis
1720 859 1924 912 Bacchi

106 953 377 1021 ignaviam
413 952 714 1019 fortemque
742 952 1010 1004 Xanthiae
1048 951 1282 1003 animum
1320 952 1658 1004 manifestum
1707 952 1924 1003 faciunt.

109 1043 349 1094 Primum
394 1043 536 1094 enim
578 1041 860 1108 (460—68)
902 1042 1111 1109 quaerit
1146 1041 1237 1092 ille
1281 1040 1487 1093 duobus
1527 1042 1790 1107 versibus,
1834 1040 1925 1109 qui

107 1133 248 1202 apud
284 1133 486 1183 inferos
528 1150 642 1182 mos
683 1131 749 1181 sit
795 1130 926 1183 ostia
964 1131 1212 1200 pulsandi
1252 1133 1315 1183 ab
1357 1133 1568 1201 hocque
1617 1138 1673 1181 ut
1712 1130 1925 1182 fortiter

107 1224 314 1293 pulset,
374 1230 637 1274 monetur.
713 1220 832 1286 Quo
894 1223 1035 1272 facto
1088 1222 1377 1289 auditoque
1418 1221 1671 1273 Herculis
1708 1220 1923 1273 nomine

107 1313 326 1365 Aeacus
362 1313 635 1382 procurrit
669 1312 897 1362 ostiarus
938 1311 1336 1382 dirissimasque
1373 1320 1596 1382 propter
1621 1310 1926 1364 Cerberum

110 1403 238 1455 olim
276 1412 487 1471 raptum
524 1402 740 1452 Baccho
795 1420 995 1470 poenas
1050 1402 1322 1453 minitatus
1364 1401 1652 1469 Gorgonas
1691 1401 1799 1453 abit
1837 1401 1926 1452 Ti-

107 1493 332 1544 thrasias
391 1493 760 1544 arcessiturus.
848 1490 948 1543 Cui
1013 1492 1325 1559 quindecim
1383 1509 1637 1543 versuum
1696 1508 1922 1543 scaenae

111 1582 398 1650 (464—78)
445 1601 506 1633 ea
563 1584 857 1652 respondet
908 1601 1043 1652 quae
1096 1583 1337 1651 sequitur
1377 1581 1682 1649 (aim—93),
1734 1581 1790 1633 in
1829 1598 1931 1648 qua

109 1672 353 1725 Bacchus
397 1693 426 1724 a
476 1680 683 1724 terrore
735 1691 790 1724 se
843 1672 1047 1738 reficit,
1109 1691 1267 1740 quem
1311 1674 1525 1725 Aeacus
1582 1671 1630 1722 ei
1683 1670 1923 1722 incussit.

109 1763 410 1832 Excipiunt
447 1763 582 1813 hanc
610 1781 799 1814 versus
828 1762 1049 1830 triginta
1086 1771 1202 1813 octo
1226 1762 1569 1830 (494—533),
1613 1779 1747 1829 quos
1774 1760 1927 1812 chori

108 1852 417 1923 Bacchique
470 1860 758 1921 systemata
796 1851 1145 1921 todidemque
1190 1852 1496 1918 <affl-89),
1555 1869 1687 1920 quos
1729 1850 1929 1918 antisy-

111 1934 334 1995 stemata
375 1943 524 1995 chori
565 1943 942 2011 Xanthiaeque
983 1952 1254 1994 secuntur.
1333 1943 1573 2007 Quarum
1614 1950 1929 1994 scaenarum

109 2033 164 2084 in
203 2034 384 2104 priore
406 2034 669 2086 Xanthias
696 2042 917 2103 propter
945 2034 1146 2084 clavam
1179 2032 1456 2100 leonisque
1493 2053 1650 2103 quam
1681 2032 1929 2084 Bacchus

110 2124 432 2193 perterritus
468 2124 516 2175 ei
556 2124 798 2190 dederat,
838 2124 1035 2194 pellem
1076 2141 1172 2191 pro
1198 2122 1434 2173 Hercule
1475 2123 1688 2174 habitus
1729 2140 1926 2191 magno

110 2231 230 2264 cum
271 2213 475 2265 honore
515 2234 543 2264 a
569 2213 929 2282 Proserpinae
968 2212 1174 2263 ancillis
1215 2212 1281 2262 ad
1332 2230 1552 2263 coenam
1594 2221 1833 2278 vocatur,
1877 2211 1934 2261 in

112 2303 280 2354 altera
319 2302 564 2355 Bacchus
604 2302 854 2353 Herculis
907 2302 1145 2370 insignia
1196 2301 1453 2370 recipere
1510 2321 1667 2353 ausus
1709 2322 1737 2352 a
1782 2319 1934 2370 copa,

115 2392 199 2444 cui
236 2400 405 2443 ratam
450 2392 544 2443 ille
581 2393 849 2460 quondam
891 2411 998 2444 non
1050 2391 1314 2456 solverat,
1376 2390 1724 2443 atrocissimis
1762 2398 1931 2441 terre-

112 2490 200 2534 tur
239 2482 414 2534 minis.
450 2551 457 2555 .

253 2572 344 2623 Ad
385 2591 567 2624 earum
608 2591 770 2639 nunc,
826 2589 961 2639 quae
1002 2572 1105 2622 huc
1145 2571 1454 2641 pertineant
1492 2570 1750 2622 Avium
1791 2586 1934 2621 scae-

113 2680 305 2714 narum
341 2662 539 2713 accedo
578 2662 966 2712 tractationem.
1044 2660 1144 2711 Hic
1180 2668 1361 2711 autem
1401 2668 1522 2711 ante
1562 2660 1737 2711 omnia
1776 2677 1935 2728 quae-

113 2751 341 2803 rendum
373 2759 466 2817 est,
506 2770 790 2819 quamnam
827 2760 988 2820 poeta
1026 2752 1272 2817 regulam
1316 2759 1530 2802 secutus
1563 2750 1646 2815 sit,
1688 2749 1777 2802 ubi
1812 2768 1935 2820 pro-

115 2860 226 2892 sam
266 2841 353 2892 vel
389 2860 577 2893 versus
617 2841 793 2893 alieno
833 2850 1008 2892 metro
1048 2841 1276 2910 scriptos
1309 2840 1564 2891 trimetris
1593 2840 1934 2890 immisceret.

113 2926 327 2982 Etenim
387 2948 447 2982 ea
504 2949 720 3000 semper
769 2931 823 2981 in
878 2930 960 2981 his
1000 2931 1207 2981 scaenis
1265 2929 1473 2981 obtinet
1518 2929 1637 2993 lex,
1694 2936 1752 2979 ut
1790 2928 1933 2998 quod

114 3037 274 3089 prosa
303 3021 543 3072 oratione
573 3020 831 3090 scriptum
858 3022 942 3087 sit,
980 3021 1198 3071 omnino
1235 3038 1343 3071 non
1381 3026 1709 3085 numeretur,
1748 3036 1933 3069 eorum

117 3110 207 3178 qui
244 3118 458 3180 praeter
495 3111 766 3164 trimetros
804 3107 938 3162 κατὰ
974 3109 1157 3175 στίχον
1207 3128 1325 3161 sese
1368 3107 1642 3178 excipiant
1678 3125 1930 3160 versuum

238 3305 280 3357 1)
309 3302 423 3346 Dele
454 3317 527 3346 vv.
551 3304 651 3358 519,
685 3305 756 3356 20.
794 3305 865 3355 67,
898 3304 968 3358 70,
1004 3305 1074 3347 74.
