2171 3752
1175 210 1237 262 18

298 366 682 437 Phidippidem
724 364 1199 434 Strepsiademque
1257 362 1512 431 colloquii
1567 362 1758 415 ultima
1816 382 1938 434 pars
1973 381 2118 416 com-

294 457 467 527 posita
510 464 591 509 est
646 460 753 522 (vv.
795 453 1109 521 119—128),
1167 453 1482 523 Strepsiade
1533 453 1697 505 ternis
1754 453 1999 504 versibus
2052 452 2171 504 adia

294 545 633 617 Phidippidis
686 546 840 597 binos
903 545 980 596 bis
1022 543 1404 612 respondente.
1488 543 1638 609 Quae
1688 550 1863 594 autem
1920 542 2007 594 hic
2041 548 2122 594 est

294 745 415 778 cum
453 726 507 777 in
548 725 814 795 prioribus
876 725 1110 794 quinquo
1155 724 1400 775 versibus
1466 722 1763 793 particulae
1818 721 2121 791 negativae,

295 818 350 868 in
387 816 567 868 alteris
606 809 738 866 ἄλλά
775 814 990 885 saepius
1032 821 1322 882 repetatur.

296 1465 353 1498 se
410 1445 856 1517 praeparantibus
907 1453 1091 1496 ternos
1130 1462 1318 1495 versus
1376 1444 1438 1494 ab
1478 1463 1581 1494 una
1629 1443 2003 1514 pronuntiatos
2043 1443 2122 1496 bis

299 1538 547 1606 quaterni
587 1545 842 1589 secuntur
883 1536 1024 1587 inter
1062 1536 1302 1603 singulas
1342 1535 1628 1588 distributi.

439 1627 694 1695 Denique
758 1626 811 1678 in
871 1626 1107 1677 eadem
1165 1626 1345 1677 fabula
1403 1644 1566 1694 parva
1620 1642 1716 1676 sex
1753 1642 2007 1676 versuum
2045 1631 2120 1676 est

305 1736 498 1770 scaena
537 1719 645 1783 (VV.
684 1715 969 1783 (308—13),
1009 1734 1237 1783 quorum
1278 1724 1387 1767 tres
1429 1735 1458 1766 a
1492 1715 1721 1785 probulo
1759 1722 1868 1765 tres
1906 1733 1935 1764 a
1972 1713 2118 1781 Lysi-

298 1816 462 1860 strata
504 1806 935 1877 pronuntiantur.

443 1897 588 1950 Nolo
628 1897 785 1968 plura
843 1897 1093 1967 exempla
1141 1913 1458 1966 congerere,
1509 1914 1686 1964 neque
1741 1895 1882 1947 onim
1932 1913 2000 1947 ex
2036 1893 2118 1946 his

301 1987 446 2039 aliud
505 1986 799 2056 quidquam
862 1986 1045 2054 colligi
1111 2004 1269 2056 posse
1324 1995 1471 2056 puto,
1533 1985 1630 2037 nisi
1696 1985 2119 2054 Aristophanem

299 2078 437 2129 sicut
479 2095 662 2129 omnes
704 2077 940 2127 omnium
979 2085 1279 2146 temporum
1340 2083 1522 2145 poetas
1561 2076 1797 2145 tragicos
1835 2084 1995 2145 atque
2035 2092 2116 2126 co·
2146 2068 2171 2101 ⁰⁰

302 2168 468 2219 inicos
506 2185 695 2219 versus
717 2185 879 2236 saepo
902 2165 1257 2233 aequabiliter
1291 2165 1429 2217 inter
1455 2184 1714 2235 personas
1738 2165 2114 2236 dispertivisse*

299 2257 394 2309 sed
431 2257 494 2308 ad
538 2257 747 2309 libitum
789 2256 840 2306 id
885 2273 1004 2306 eum
1045 2255 1261 2319 fecisse,
1316 2272 1493 2324 neque
1531 2255 1585 2306 in
1623 2256 1847 2307 senariis
1884 2253 2116 2306 iambicis

297 2355 360 2398 ut
398 2347 630 2417 tragicos
656 2346 898 2400 Graecos
939 2345 1169 2396 maiores
1207 2363 1460 2396 versuum
1499 2345 1814 2414 complexus
1853 2345 1921 2397 ad
1956 2352 2114 2406 certa‘
2143 2354 2171 2405 ql}

298 2437 674 2489 concinnitatis
714 2437 873 2505 leges
911 2435 1204 2487 ordinasse.

2141 2534 2166 2567 se

442 2616 732 2682 Postquam
774 2614 825 2665 in
866 2614 1087 2666 senariis
1128 2614 1369 2666 iambicis
1407 2633 1750 2685 personarum
1789 2616 1841 2666 in
1878 2633 2112 2667 sermon(
2136 2605 2171 2683 δὴ]

298 2705 505 2756 vicibus
541 2724 658 2756 raro
694 2705 1029 2772 aequabilem
1063 2723 1315 2756 versuum
1356 2707 1600 2770 ordinem
1661 2705 2109 2758 aceommodatun
2138 2713 2171 2748 ΠΙ

301 2813 414 2847 esso
472 2794 723 2852 vidimus,
781 2795 1148 2862 quaerendum
1205 2805 1313 2861 est,
1372 2796 1640 2864 quomodo
1699 2797 1750 2848 in
1809 2795 2109 2866 septenarii:
2138 2785 2171 2838 Sil]

299 2885 430 2936 haec
492 2903 577 2937 res
621 2903 675 2936 se
734 2885 943 2950 habeat,
998 2886 1087 2937 ubi
1147 2886 1366 2936 elatiore
1423 2903 1670 2937 sermone
1724 2894 1904 2936 utatur
1948 2893 2103 2956 poeta
2137 2876 2171 2928 alt

298 2974 392 3026 Ad
451 2995 608 3045 quam
663 2975 1028 3043 quaestionem
1080 2985 1137 3026 ut
1176 2976 1614 3045 {respondeamus
1659 2996 1684 3027 a
1723 2976 1982 3046 Vespis
2032 2992 2100 3028 ex
2133 2978 2171 3019 fal

301 3066 537 3117 eundum
575 3075 670 3132 est,
706 3066 796 3116 nbi
836 3066 937 3117 tria
969 3066 1243 3132 habemus,
1285 3085 1418 3136 quae
1457 3067 1557 3118 huc
1596 3067 1914 3136 pertineant,
1953 3066 2104 3121 diver
2135 3073 2171 3110 ¹11¹

297 3155 400 3208 bia.
476 3156 718 3222 Quorum
767 3156 947 3225 priora
988 3156 1092 3207 duo
1146 3156 1252 3223 (vv.
1297 3158 1555 3223 {Mo—57,
1589 3157 1855 3224 379—94)
1905 3155 2106 3227 strop'hz
2135 3151 2170 3201 lur

296 3244 401 3295 iam
455 3263 587 3315 quac
624 3246 772 3314 prius
811 3254 862 3296 et
890 3246 1223 3316 antistropha
1251 3264 1384 3313 quae
1424 3247 1652 3297 alterum
1694 3245 1968 3315 praecedit
2005 3253 2105 3298 art(
2133 3254 2171 3306 *lt

297 3334 438 3385 inter
502 3352 559 3385 se
626 3335 909 3386 coniuncta
964 3336 1184 3386 chorum
1264 3336 1780 3403 Philocleonenique
1840 3334 2104 3405 quinquie:
2128 3324 2171 3384 hut
