2171 3752
1061 188 1131 239 34

206 361 498 413 noi-umque
539 360 860 412 praeconem
899 342 1059 394 habet
1099 341 1511 411 colloquenteS,
1562 342 1732 393 altera
1789 342 2017 408 (1074—

202 435 355 500 1107)
385 434 550 495 chori,
587 434 888 502 legatorum
914 431 1467 484 Lacedaemoniorum
1507 431 1813 501 civiumque
1844 432 2016 485 Athe·

198 525 464 578 niensium
503 524 740 575 continet
777 523 1126 591 colloquium.

335 614 477 669 Satis
516 613 681 664 multa
721 612 956 682 denique
997 619 1120 663 sunt
1153 611 1409 679 diverbia,
1454 630 1682 681 quorum
1707 612 1867 664 binae
1894 631 2015 684 par-

197 716 275 758 tes
319 704 684 775 aequabilibus
740 703 839 754 sibi
897 702 1136 755 numeris
1200 702 1545 773 respondent.
1624 702 1814 769 Qualis
1858 721 1920 755 ea
1957 703 2013 755 in

196 798 351 849 Pace
391 803 469 846 est
513 812 722 859 scaena,
779 793 833 845 in
870 812 972 863 qua
1011 812 1128 844 cum
1166 792 1420 860 Trygaeo
1479 793 1579 844 dea
1616 793 2015 859 reconciliatur,

195 886 283 937 ubi
340 884 392 935 in
432 884 602 954 prima
645 883 863 950 triginta
915 900 1010 934 sex
1050 901 1302 934 versuum
1341 891 1491 953 parte
1552 883 1860 951 (657—92),
1923 883 2012 952 qui

195 976 284 1026 rei
323 973 570 1044 publicae
621 981 787 1024 status
842 972 935 1036 sit,
999 990 1095 1041 per
1130 973 1460 1024 Mercurium
1519 990 1547 1023 e
1597 973 1854 1042 Trygaeo
1896 972 2015 1024 Pax

195 1063 417 1132 quaerit,
462 1064 514 1114 in
555 1062 721 1113 altera
745 1061 1067 1128 0593—728)
1095 1071 1379 1131 postquam
1419 1063 1621 1114 amicos
1652 1081 1776 1113 suos
1804 1061 2013 1132 Sopho·

194 1155 329 1204 clem
371 1162 529 1222 atque
557 1151 831 1204 Cratinum
861 1152 1037 1222 perire
1065 1151 1269 1203 audivit
1301 1151 1543 1222 Oporam
1573 1153 1619 1204 ei
1661 1152 1823 1204 tradit
1851 1160 2010 1222 atque

194 1242 498 1308 Theoriam,
540 1242 851 1310 quibuscum
899 1242 1118 1293 domum
1158 1241 1360 1294 redeat.

329 1332 645 1384 Eiusdem
685 1333 960 1384 fabulae
998 1352 1083 1385 vv.
1116 1332 1460 1384 1063—1114
1499 1333 1820 1400 hexametri,
1877 1351 2010 1402 quos

193 1421 475 1473 duodecim
515 1421 867 1488 antecedunt,
925 1422 1119 1490 viginti
1163 1432 1391 1490 quatuor
1450 1431 1704 1474 secuntur
1761 1423 2011 1490 trimetri,

192 1511 395 1564 duabus
452 1520 700 1564 constant
764 1513 1002 1581 partibus
1053 1511 1366 1563 vicenorum
1424 1530 1678 1564 senorum
1734 1531 2008 1566 versuum.

192 1602 425 1667 Quarum
483 1602 537 1653 in
598 1603 777 1671 priore
819 1601 1142 1667 (1063—87)
1201 1601 1486 1654 Hierocles
1526 1603 1741 1657 Bacidis
1791 1603 2008 1656 oraculo

190 1692 480 1743 instructus
515 1692 826 1760 Trygaeum
871 1691 996 1743 Paci
1049 1692 1326 1744 immolare
1367 1701 1530 1760 vetat,
1587 1694 1640 1744 in
1680 1695 1851 1745 altera
1891 1693 2008 1765 ipse

189 1781 470 1849 Trygaeus
507 1781 732 1833 Homeri
790 1782 1007 1834 oraculo
1056 1782 1192 1833 iuste
1240 1801 1295 1834 se
1341 1782 1398 1833 id
1441 1785 1620 1835 facere
1675 1783 2008 1836 demonstrat

188 1870 591 1936 (1088—1114).

326 1962 390 2014 In
429 1961 701 2013 Avibus
741 1961 876 2013 duae
916 1962 1141 2014 deorum
1191 1963 1257 2014 ad
1299 1964 1633 2016 Pisetaerum
1690 1974 1815 2016 sunt
1864 1965 2008 2036 lega·

187 2052 387 2117 tiones,
449 2051 595 2103 Iride
647 2052 895 2122 primum,
958 2053 1083 2104 inde
1124 2053 1379 2120 Hercule,
1435 2053 1706 2125 Neptuno,
1764 2055 2006 2108 Triballo

186 2141 734 2210 Nephelococcygiae
767 2160 953 2210 regem
980 2142 1315 2195 adeuntibus.
1352 2143 1423 2195 Et
1447 2162 1635 2196 versus
1668 2145 2006 2197 1196—15261

188 2230 401 2298 quidem
439 2231 530 2282 ubi
574 2251 693 2283 cum
731 2231 876 2283 Iride
915 2233 962 2283 ei
1003 2251 1088 2284 res
1127 2242 1223 2298 est,
1280 2233 1485 2285 duabus
1525 2234 1857 2286 tricenorum
1905 2242 2008 2287 ter·

187 2337 378 2371 norum
415 2321 758 2372 continentur
801 2322 1062 2391 partibus,
1120 2342 1240 2374 cum
1280 2324 1334 2374 in
1375 2323 1557 2393 priore
1614 2324 2004 2388 (HQ-1228)

188 2408 253 2460 de
293 2410 407 2461 iure
445 2418 647 2462 tantum
688 2420 896 2479 agatur,
951 2430 1053 2479 quo
1093 2411 1664 2483 Nephelocoecygiam
1704 2415 1806 2468 Iris
1843 2415 2005 2468 intra·

186 2499 340 2565 verit,
377 2500 429 2550 in
469 2500 636 2550 altera
660 2501 982 2568 [1229—61)
1009 2521 1290 2571 quamnam
1330 2505 1394 2556 ad
1431 2523 1544 2556 rem
1582 2505 2002 2574 perpetrandam

188 2608 217 2639 a
254 2590 383 2640 Iove
424 2589 583 2640 missa
621 2591 703 2656 sit,
744 2604 1063 2659 quaeratur3
1089 2625 1150 2631 —
1175 2593 1416 2664 Neptuni
1456 2605 1633 2647 autem
1675 2605 2004 2648 ceterorum·

188 2696 290 2746 que
331 2697 449 2729 cum
490 2678 766 2731 Pisctaero
810 2682 1158 2751 colloquium,
1218 2683 1362 2752 quod
1417 2703 1611 2736 novem
1660 2686 2003 2753 antecedunt,

186 2767 273 2818 ubi
317 2767 381 2817 de
410 2768 650 2820 Triballo
687 2770 827 2822 inter
850 2771 1138 2842 Olympios
1167 2774 1296 2825 deos
1322 2775 1515 2841 agitur,
1556 2793 1746 2827 versus
1772 2776 1997 2841 (1565—

187 2857 273 2917 73)
319 2857 519 2909 duabus
564 2859 1062 2930 quinquagenorum
1107 2874 1454 2935 septenorum
1495 2866 1735 2935 partibus
1774 2875 2001 2933 constat,

186 2963 405 3012 quarum
447 2947 501 2997 in
548 2948 726 3017 priore
766 2951 1157 3020 (lou—1630)
1193 2953 1338 3006 Iovis
1381 2963 1677 3024 sceptrum,
1741 2955 1797 3008 in
1832 2956 2003 3008 altera

185 3035 503 3103 <lom—93)
541 3035 738 3090 Basilia
784 3039 1081 3109 PisetaerO,
1136 3043 1178 3094 si
1224 3062 1411 3114 pacem
1469 3044 1659 3110 faciat,
1724 3065 1753 3096 a
1807 3046 2000 3117 legatis

185 3126 524 3194 promittitur.

322 3216 386 3267 In
422 3217 745 3270 Ranarum
798 3222 1121 3274 versibus
1181 3223 1452 3277 738—813
1512 3225 1843 3293 colloquium
1891 3227 1998 3297 pri-

187 3321 329 3355 mum
367 3305 531 3358 habes
567 3309 805 3360 sedecim
844 3329 1097 3362 versuum
1144 3313 1448 3381 (738—53),
1485 3313 1542 3366 in
1586 3332 1690 3382 quo
1730 3315 1998 3368 Xanthias

2123 314 2132 427 ἒ

2124 429 2133 511 2
