2171 3752
1000 183 1063 234 27

140 335 250 390 Ubi
293 336 436 404 quod
463 333 830 388 Philocleonis
870 334 1038 385 altera
1076 334 1244 384 oratio
1283 332 1451 401 priori
1479 350 1587 384 non
1625 330 1954 400 respondeat

140 425 357 477 minime
391 424 695 476 mirandum
729 432 835 490 est3
878 423 1023 491 prior
1067 423 1209 474 enim
1254 441 1388 491 quac
1426 432 1719 491 systemate
1757 421 1954 486 finitur,

139 513 297 582 plane
339 513 578 581 perfecta
619 513 788 562 altera
811 511 1194 579 Bdelycleonis
1224 509 1603 577 Xanthiaeque
1644 510 1953 560 interventu

141 603 445 670 interrupta
482 619 742 672 apparere
779 601 956 652 debet.

278 835 366 887 Ad
407 854 493 886 eas
533 855 692 902 nunc,
750 853 884 903 quae
936 837 988 887 in
1029 836 1251 887 senariis
1290 834 1529 886 iambicis
1568 833 1688 898 sint,
1728 851 1954 902 respon-

137 925 316 976 siones
356 925 663 991 transituro,
701 925 788 977 ubi
830 943 922 976 eae
947 925 1282 996 potissimum
1324 925 1680 989 inveniantur,
1721 922 1954 994 primum

138 1015 241 1066 erit
293 1014 597 1067 dicendum.
671 1015 846 1080 Quam
900 1034 1013 1067 rem
1063 1015 1376 1066 brevissime
1432 1032 1515 1064 me
1574 1012 1953 1082 expediturum

136 1112 284 1175 puto,
338 1105 383 1155 si
425 1104 679 1172 dixerim,
740 1114 829 1155 aut
871 1105 1026 1157 unius
1083 1122 1305 1155 scaenae
1366 1104 1512 1155 binas
1570 1112 1746 1173 partes
1795 1119 1953 1169 argu-

137 1203 319 1246 mento
363 1195 633 1247 seiunctas
673 1205 762 1246 aut
800 1195 950 1247 binas
1002 1213 1219 1246 scaenas
1261 1212 1511 1245 versuum
1554 1210 1777 1243 numero
1814 1192 1956 1242 inter

138 1301 196 1335 se
219 1284 570 1355 respondere,
608 1303 856 1335 scaenam
893 1303 1021 1336 vero
1061 1302 1176 1335 eam
1217 1284 1333 1335 dico
1377 1281 1688 1334 comoediae
1727 1289 1952 1351 partem,

137 1391 273 1442 quae
297 1394 327 1425 a
351 1373 614 1445 principio
652 1393 823 1443 usque
856 1375 920 1426 ad
956 1375 1115 1426 finem
1153 1374 1219 1425 ab
1250 1373 1442 1424 iisdem
1482 1371 1725 1443 personis
1760 1370 1955 1421 eodem

136 1472 330 1532 agatur
369 1463 490 1514 loeo
547 1464 696 1515 nullo'
745 1464 1065 1535 interposito
1109 1464 1255 1515 chori
1295 1462 1548 1514 carmine.
1628 1460 1778 1525 Quae
1822 1458 1955 1510 defi-

140 1553 273 1605 nitio
314 1553 441 1604 licet
477 1553 570 1619 sit,
622 1553 709 1605 ubi
753 1553 894 1605 haud
951 1553 1078 1605 satis
1123 1562 1367 1604 accurata
1406 1551 1680 1614 videatur,
1738 1568 1858 1601 eum
1896 1548 1952 1599 in

139 1643 312 1714 prima
347 1662 538 1695 scaena.
576 1661 807 1713 persona
843 1645 999 1695 abeat
1037 1653 1125 1694 aut
1167 1644 1219 1695 in
1260 1652 1500 1694 extrema
1528 1640 1753 1712 prodeat
1795 1657 1954 1705 nova,

137 1733 194 1785 in
233 1750 490 1803 praesens
524 1741 704 1784 tamen
743 1733 994 1800 sufficiat,
1050 1733 1114 1784 de
1161 1732 1223 1784 iis
1263 1733 1407 1784 enim
1449 1749 1583 1800 quae
1623 1736 1950 1800 repugnant,

136 1842 232 1875 suo
274 1822 481 1874 dicetur
521 1824 659 1876 loco,

279 1914 463 1984 Atque
505 1914 732 1983 primum
775 1913 840 1964 de
899 1914 1068 1965 altero
1110 1913 1253 1983 quod
1307 1912 1446 1979 dixi,
1500 1911 1689 1979 loquar
1726 1926 1956 1979 respon-

136 2002 347 2054 sionum
387 2022 607 2073 genere,
672 2003 738 2054 de
797 2021 858 2054 eo
903 2003 1131 2069 scilicet,
1189 2022 1290 2071 quo
1345 2002 1505 2054 binae
1551 2000 1954 2067 coniungantur

135 2111 393 2160 scaenae,
453 2093 811 2164 incipiamque
863 2094 1030 2145 abiis
1071 2093 1306 2160 scaenis,
1367 2110 1503 2162 quae
1562 2110 1669 2142 non
1729 2109 1799 2142 ex
1835 2088 1954 2161 ipso

135 2186 302 2237 totius
340 2185 555 2237 fabulae
597 2183 865 2256 prodeunt
912 2192 1229 2252 argumento
1289 2183 1384 2236 scd
1439 2191 1617 2233 certae
1673 2180 1836 2232 alicui
1878 2179 1956 2231 rei

136 2276 303 2328 variis
343 2275 607 2346 exemplis
634 2273 1426 2324 inserviuntdemonstrandae.
1469 2273 1620 2338 Quae
1655 2270 1952 2342 episodia1)

136 2368 262 2420 inde
281 2368 384 2419 iam
417 2366 756 2420 manifestum
784 2373 861 2416 est
890 2365 1251 2436 responsionis
1279 2365 1429 2434 sequi
1461 2364 1725 2432 quandam
1756 2363 1957 2431 legem,

138 2458 282 2527 quod
322 2460 436 2509 fere
478 2475 750 2527 nunquam
793 2457 1138 2508 inveniuntur
1179 2456 1394 2525 singula
1433 2455 1527 2506 sed
1578 2453 1697 2505 bina
1738 2469 1957 2522 semper

136 2549 390 2618 pluresve
435 2544 474 2597 a*
502 2555 662 2616 poeta
701 2555 1130 2618 componuntur3
1170 2556 1228 2598 ut
1270 2547 1324 2597 in
1353 2541 1956 2597 Acharnensibus

137 2638 229 2690 ubi
269 2655 378 2689 non
415 2657 552 2690 unus
590 2638 653 2689 ad
685 2638 1132 2708 Dicaeopolidem
1168 2637 1314 2688 venit
1355 2637 1549 2707 hospes
1590 2634 1683 2686 sed
1720 2632 1953 2702 primum

136 2727 502 2796 Megarensis,
558 2735 672 2779 tum
714 2729 968 2792 Boeotus,
1026 2747 1135 2779 non
1191 2746 1329 2779 unus
1399 2724 1750 2778 Atheniensis
1811 2720 1957 2792 pacis

311 2884 352 2939 1)
383 2884 498 2928 Eam
528 2886 650 2928 enim
681 2886 785 2929 huic
818 2886 1057 2936 vocabulo,
1094 2885 1148 2927 de
1183 2899 1270 2940 quo
1306 2883 1563 2926 Meinckius
1599 2881 1646 2923 in
1682 2880 1843 2936 fragm.
1879 2891 1958 2922 eo-

141 2955 365 2999 micorum
400 2958 709 3010 Graecorum,
758 2963 792 3000 t.
813 2959 854 3001 II
889 2974 931 3014 p.
953 2961 1039 3002 756
1082 2962 1219 3013 atque
1252 2957 1540 3000 Godofredus
1572 2956 1860 2998 Hermannus
1907 2953 1956 2994 in

137 3027 295 3072 diariis
333 3030 571 3074 litterariis
611 3031 880 3075 lenensibus
917 3034 1042 3082 1842,
1075 3046 1120 3086 p.
1145 3034 1229 3076 505
1261 3034 1471 3087 egerunt.
1511 3029 1670 3071 tribuo
1702 3027 1955 3076 notionem,

138 3115 335 3157 quacum
365 3103 636 3160 Metagenes
670 3118 723 3147 eo
760 3120 868 3147 usus
901 3118 1000 3147 esse
1036 3104 1233 3154 videtur,
1269 3116 1370 3145 cum
1401 3101 1447 3142 in
1479 3100 1767 3153 Philothytes
1800 3097 1955 3141 fabula

141 3175 372 3218 scriberet

504 3260 555 3267 —-
591 3236 685 3278 κατ’
720 3231 971 3282 ἔπειςόὸιον
993 3230 1258 3293 μεταβάλλει)
1288 3232 1368 3276 τὸν
1404 3227 1538 3288 λόγον
1570 3229 1627 3278 ὠς
1660 3225 1718 3274 ἄν

368 3314 567 3352 καιναῖσι
600 3314 824 3367 παροψίσι
868 3312 940 3351 καὶ
973 3311 1156 3356 πολλαῖς
1185 3302 1401 3363 εὐωχήσω
1431 3304 1481 3350 τὸ
1513 3308 1723 3362 θέατρον.
