2171 3752
839 944 1087 1013 OApvrr
1126 945 1175 1010 Ι.

221 1253 545 1321 'Antequam
586 1253 650 1304 de
690 1252 820 1321 ipsis
851 1271 1008 1321 agam
1034 1250 1495 1321 responsionibus,
1537 1257 1686 1300 textu
1714 1247 1922 1299 Aristo-

103 1342 293 1414 phanis
343 1343 413 1394 ita
453 1362 584 1413 opus
651 1342 750 1395 erit
794 1342 1097 1408 constituto,
1155 1350 1213 1393 ut
1253 1359 1426 1409 neque
1481 1338 1923 1409 interpolationes

97 1450 272 1500 neque
299 1432 519 1482 lacunae
549 1451 645 1482 nos
691 1431 796 1483 sint
823 1432 1142 1483 offensurae.
1214 1431 1411 1499 Neque
1437 1438 1616 1481 tamen
1658 1429 1711 1479 in
1726 1427 1921 1487 ,animo

99 1530 195 1590 est,
251 1540 384 1590 quae
441 1522 530 1573 alii
580 1522 681 1573 iam
737 1521 939 1573 dudum
983 1522 1385 1592 probaverunt,
1442 1539 1502 1571 ea
1556 1518 1731 1570 denuo
1785 1537 1926 1569 nune

98 1613 413 1678 edisserere,
442 1612 535 1664 sed
559 1613 630 1664 ibi
654 1621 860 1664 tantum
894 1621 1211 1681 argumenta
1241 1611 1353 1663 sive
1393 1611 1619 1662 aliorum
1657 1609 1769 1661 sive
1808 1625 1927 1658 mea

96 1703 306 1765 addam,
347 1702 437 1754 ubi
492 1710 581 1753 aut
617 1721 644 1753 a
683 1702 941 1754 Meinekii
1007 1720 1283 1754 recessero
1323 1701 1558 1752 editione
1604 1707 1693 1750 aut
1727 1697 1922 1749 Hama-

99 1794 260 1845 kerus
297 1793 655 1861 Helbigiusve
705 1793 833 1843 mihi
875 1801 1029 1843 erunt
1072 1790 1434 1863 impugnandi
1478 1798 1565 1841 aut
1605 1790 1721 1859 ipso
1780 1787 1924 1839 deni-

102 1902 205 1955 que
242 1883 544 1935 novandum
571 1882 774 1953 aliquid
811 1881 1146 1947 iudieave1’03
1190 1889 1399 1932 eeteros
1427 1880 1572 1931 locos
1605 1879 1775 1930 fusius
1814 1896 1922 1929 non

98 1974 355 2041 tractabo,
395 1973 489 2025 sed
530 1973 782 2024 sufficere
826 1980 973 2042 puto,
1020 1971 1061 2024 si
1101 1971 1191 2023 ubi
1231 1979 1282 2022 et
1322 1991 1350 2021 a
1391 1989 1492 2040 quo
1553 1969 1782 2040 primum
1819 1976 1924 2019 tra-

101 2063 227 2116 ctati
267 2064 387 2130 sint,
431 2063 755 2117 indicavero,
828 2064 1035 2116 Versus
1079 2072 1258 2115 autem
1298 2063 1362 2114 de
1419 2061 1613 2130 quibus
1653 2059 1830 2129 agitur
1868 2057 1923 2109 hi

101 2164 254 2208 sunt:

239 2243 805 2298 Aeharnensium
855 2262 903 2295 v.
952 2242 1051 2294 722
1108 2242 1190 2314 ἐφ’
1236 2230 1339 2313 ᾧτε
1379 2241 1586 2294 πωλεῖν
1623 2237 1764 2309 πρὸς
1816 2237 1925 2307 ἐμέ,

1325 2327 1573 2401 Λαμάχῳ
1616 2329 1673 2383 δὲ
1711 2325 1784 2399 μή

103 2425 303 2478 delevit
347 2424 657 2476 Elmsleius.

241 2515 308 2568 V.
346 2515 444 2568 803
483 2514 541 2567 τέ
578 2514 694 2579 ὄαί,·
732 2510 865 2568 σι”κα
903 2509 1132 2583 τρώγοις
1165 2508 1228 2564 ἓῖν
1263 2504 1455 2574 αι’·τός;
1499 2542 1566 2548 —-
1603 2509 1696 2563 κοΐ
1728 2510 1820 2563 κοῒ

103 2607 304 2659 delevit
342 2605 640 2658 Bentleius.
717 2604 820 2671 Qui
863 2605 1066 2671 nescio.
1123 2604 1215 2656 ubi
1266 2603 1330 2654 de
1386 2603 1487 2656 hoc
1532 2620 1690 2655 versu
1733 2601 1924 2670 egerit,

103 2697 196 2749 sed
238 2696 359 2747 vide
398 2697 513 2748 eius
555 2704 874 2765 argumenta
922 2696 972 2747 in
1019 2695 1287 2749 Dindorfii
1351 2695 1583 2746 editione
1623 2692 1923 2746 Oxoniensi

101 2787 207 2840 vol.
231 2787 335 2854 III,
359 2788 403 2852 Ι,
424 2806 474 2856 p.
495 2787 613 2840 423.

238 2877 308 2930 V.
348 2877 449 2930 905
496 2872 680 2945 ὥσπερ
720 2875 953 2944 κέραμον
989 2870 1346 2945 ἐνδησάμενος
1382 2906 1448 2911 -
1484 2875 1561 2927 νεὶ
1598 2870 1674 2925 τώ
1715 2869 1826 2926 θιώ

105 2967 208 3020 del.
246 2967 529 3021 Dobraeus
574 2967 830 3030 (Advers.
867 2965 940 3032 II,
976 2965 1116 3028 191).

241 3057 308 3108 V.
338 3056 437 3109 928
478 3053 664 3123 ὥσπερ
701 3055 933 3123 κέραμον
965 3056 1053 3106 ἵνα
1089 3051 1160 3125 μὴ
1199 3058 1395 3127 καταγῇ
1424 3049 1764 3125 φορούμενος

105 3144 208 3196 del.
233 3144 373 3197 idem
399 3146 650 3214 (Porsoni
690 3145 967 3216 Aristoph.
1014 3164 1062 3214 p.
1107 3145 1221 3211 119,
1262 3144 1431 3196 Dobr.
1478 3144 1596 3195 adv.
1630 3143 1702 3209 H,
1745 3141 1886 3207 192).

244 3235 310 3288 V.
356 3237 490 3288 1064
528 3230 675 3290 οἶσθ’
718 3231 791 3299 (ὃς
826 3239 1037 3287 ποιεῖτε
1074 3238 1266 3299 roim·
1301 3238 1365 3308 τῇ
1399 3230 1577 3307 νύμφῃ
1614 3228 1825 3306 φράσον

106 3326 211 3379 del.
254 3325 556 3379 Meinekius
594 3328 686 3391 (ef.
726 3324 985 3377 vindicias
1031 3325 1453 3396 Aristophaneas
1491 3345 1541 3396 p.
1587 3325 1690 3393 19).
