2171 3752
1006 156 1034 206 7

249 311 484 363 Iambica
547 327 681 379 quae
731 307 977 359 versibus
1034 304 1302 358 367—381
1361 311 1415 355 et
1462 302 1739 354 441—456
1806 321 1928 354 con-

110 401 355 453 tinentur
398 407 713 466 systemata,
755 416 910 466 quam
957 395 1201 447 maximis
1226 394 1469 445 laborant
1505 391 1930 458 difficultatibus,

111 489 203 541 sed
261 488 439 540 sanari
495 495 672 537 tamen
728 491 1011 554 poterunt,
1064 482 1106 533 si
1164 481 1323 533 modo
1377 481 1510 531 haec
1566 479 1669 532 duo
1721 498 1933 551 semper

110 577 374 629 tenueris:
412 576 601 645 primo,
645 575 696 626 in
739 575 918 645 priore
959 580 1252 641 systemate
1289 570 1725 640 stichomythiam
1764 588 1933 638 usque

108 668 172 718 ad
203 685 252 717 v,
284 667 386 718 374
424 667 684 730 obtinere,
724 665 778 716 in
819 665 984 715 altero
1026 670 1205 713 autem
1240 679 1409 729 usque
1450 660 1532 712 ad.
1568 679 1618 709 v.
1639 659 1741 711 448
1780 660 1933 712 binos

110 755 174 806 ab
201 754 519 805 adversariis
545 752 878 823 pronuntiari
915 767 1129 820 semper
1158 767 1364 815 verSUS,
1402 756 1529 816 tum,
1555 747 1608 800 in
1645 749 1738 800 illo
1776 749 1934 800 minis

111 861 179 895 ex
220 862 313 895 sua
353 843 519 913 ipsius
557 850 669 892 artc
717 841 895 909 petitis
946 839 1375 891 adversariorum
1417 856 1582 889 unum
1614 837 1670 888 in
1707 837 1934 889 alterum

109 933 291 984 invehi
325 950 500 1000 neque
526 930 813 996 insiciariO,
855 949 986 1000 quac
1028 928 1093 980 ad
1135 928 1347 979 coriarii
1387 946 1562 996 neque
1587 927 1931 998 Paphlagoni

112 1041 245 1090 quae
283 1022 350 1074 ad
390 1022 546 1089 coqui
589 1030 757 1072 artem
798 1026 1061 1090 spectent,
1101 1018 1362 1070 utendum
1401 1036 1515 1070 esse
1553 1017 1845 1084 vocabulis,
1880 1017 1934 1067 in

111 1113 215 1164 hoc
250 1120 541 1180 utrumque
600 1129 784 1161 causas
834 1109 1078 1179 publicas
1133 1108 1287 1160 alteri
1335 1108 1593 1159 indicere.
1651 1139 1720 1144 ——
1772 1107 1934 1173 Quod

114 1221 235 1253 cum
275 1201 346 1251 ita
396 1201 479 1266 sit,
516 1197 890 1269 interpolatori
930 1216 978 1248 V.
1019 1197 1117 1249 367
1156 1188 1278 1249 οἷον
1321 1214 1380 1249 σε
1415 1193 1576 1266 ὁήσιιί
1612 1216 1640 1247 ν
1684 1198 1760 1266 τῷ
1800 1191 1937 1264 ξύλῳ

116 1290 430 1343 tribuendus
464 1307 578 1342 esse
615 1289 744 1340 mihi
770 1287 1011 1354 videtur3
1050 1287 1163 1339 δεῖν
1184 1286 1238 1338 ἐν
1270 1289 1345 1356 τῷ
1377 1282 1515 1356 ξύλῳ
1548 1286 1688 1338 enim
1726 1284 1940 1337 nonnisi

116 1381 305 1432 codice
361 1380 593 1448 aliquem
652 1387 907 1447 torquere
946 1378 1231 1446 significat,
1288 1377 1430 1445 quod
1483 1394 1661 1445 neque
1715 1375 1940 1428 coriario

115 1487 292 1537 nequo
329 1486 498 1536 coquo
525 1486 666 1519 nunc
698 1474 777 1517 est
806 1465 1124 1531 dicendum3
1163 1484 1339 1535 neque
1374 1467 1569 1534 minus,
1610 1465 1753 1536 quod
1774 1465 1940 1533 Berg-

112 1559 203 1612 kio
245 1559 347 1610 iam
390 1557 664 1628 displicuit
700 1549 820 1609 οἷον
869 1573 954 1606 me
997 1556 1221 1608 offendit
1261 1575 1450 1610 versus
1500 1556 1650 1608 initio
1689 1555 1942 1625 positum,

117 1645 268 1716 quasi
309 1646 492 1716 plures
532 1644 823 1715 torquendi
862 1644 1064 1713 gradus
1106 1651 1285 1696 essent
1323 1644 1710 1714 distinguendi.
1782 1645 1937 1712 (Wie

115 1737 242 1788 sehr
281 1736 394 1786 will
436 1735 521 1787 ich
568 1735 691 1787 dich
727 1735 781 1786 in
820 1734 924 1786 den
958 1734 1134 1786 Block
1171 1734 1376 1802 legen.)
1446 1733 1636 1803 Itaque
1674 1750 1940 1800 gramma-

113 1827 205 1879 tici
256 1827 398 1878 hunc
458 1843 676 1877 versum
724 1842 836 1877 esse
891 1832 1037 1894 puto,
1092 1824 1179 1892 qui
1238 1843 1358 1875 cum
1414 1821 1720 1893 systematis
1775 1823 1944 1874 nostri

116 1917 335 1968 lacunas
375 1915 673 1986 explendas
713 1915 812 1967 sibi
842 1914 1232 1986 proposuisset,
1273 1914 1458 1966 codice
1481 1914 1742 1967 Cleonem
1781 1931 1940 1984 saepe

115 2014 305 2059 contra
358 2006 606 2058 inimicos
658 2005 735 2056 uti
783 2023 811 2056 e
853 2025 900 2058 v.
941 2005 1043 2057 394
1081 2003 1135 2057 ἕν
1176 2000 1313 2074 ξύλῳ
1363 1999 1528 2074 δήσας
1581 1997 1778 2075 ἀφαύει
1828 2023 1942 2056 κτα.

115 2097 382 2150 didicerit.

258 2185 516 2238 Eiusdem
560 2193 640 2237 est
678 2205 725 2236 v.
751 2185 852 2237 368
891 2180 1155 2251 διώξομαί
1194 2203 1253 2236 σε
1297 2182 1509 2249 δειλίας,
1550 2203 1660 2237 non
1712 2184 1852 2236 enim
1888 2185 1944 2236 in

115 2277 219 2330 hoc
262 2276 356 2328 sed
392 2276 447 2328 in
486 2277 654 2329 altcro
696 2284 988 2346 systemate
1019 2274 1214 2328 talibus
1251 2274 1485 2327 invicem
1523 2275 1679 2328 minis
1721 2282 1943 2326 utuntur

118 2365 425 2417 adversarii.

259 2454 531 2508 Secuntur
567 2475 654 2505 vv.
690 2455 964 2507 396—371
1001 2451 1031 2524 ἡ
1066 2450 1239 2522 βύρσα
1280 2472 1378 2507 σου
1422 2449 1779 2523 θρανεύσεται

999 2545 1139 2613 δερῶ
1179 2563 1238 2597 σε
1276 2539 1518 2596 θύλακον
1553 2544 1760 2614 κλοπῆς

994 2629 1522 2703 διαπατταλευθήσει
1559 2633 1736 2701 χαμαί,

124 2744 352 2794 quorum
392 2726 595 2796 primus
653 2726 951 2794 tertiusque
993 2725 1347 2796 Papfflzzgoni,
1408 2724 1616 2776 medius
1674 2725 1943 2777 insiciario

122 2815 292 2884 vulgo
332 2817 656 2886 assignatur.
733 2815 839 2881 Qui
880 2815 1006 2886 quin
1049 2834 1233 2868 omnes
1273 2835 1302 2866 a
1334 2823 1495 2886 poeta
1529 2814 1722 2867 Cleoni
1760 2815 1945 2867 tributi

124 2907 231 2960 sint
269 2925 425 2959 nemo
468 2908 747 2974 dubitabit,
784 2909 871 2978 qui
916 2907 1142 2960 coriario
1178 2926 1287 2959 non
1328 2923 1498 2973 coquo
1536 2905 1680 2959 coria
1715 2922 1942 2975 praepa-

124 2997 289 3050 randa
328 3017 444 3051 esse
499 2989 790 3070 reputarit3
856 2997 1073 3068 proprie
1125 3005 1306 3048 tamen
1361 3014 1452 3047 eos
1508 3013 1616 3046 non
1657 2995 1946 3046 cohaerere

127 3089 252 3140 inde
291 3089 644 3158 intellegitur,
705 3089 846 3157 quod
890 3108 997 3141 non
1040 3087 1332 3156 asyndetos
1386 3085 1553 3139 oratio
1605 3085 1701 3139 sed
1750 3084 1947 3136 sticho-

127 3179 333 3244 mythia
386 3180 503 3231 loco
571 3189 754 3233 nostro
805 3179 1070 3230 convenit.
1130 3208 1192 3215 —-
1261 3177 1332 3230 Et
1371 3176 1667 3230 secundum
1729 3175 1945 3243 quidem

126 3286 340 3320 versum
381 3271 520 3339 δερῶ
558 3289 616 3324 σε
655 3265 896 3323 θύλακον
934 3269 1140 3331 κλοπῗς
1194 3268 1251 3322 in
1292 3267 1505 3320 tertium
1543 3267 1724 3320 locum
1778 3274 1944 3316 trans·
