2171 3820
721 1474 1239 1545 PRAEFATIO.

208 1747 468 1816 Tragicos
492 1746 736 1800 Graecos
774 1746 830 1797 in
869 1746 1123 1798 diverbiis
1157 1748 1543 1818 componendis
1581 1749 1890 1820 saepissime

70 1846 272 1890 certam
296 1837 561 1905 quandam
587 1837 924 1905 singularum
950 1837 1179 1908 partium
1201 1838 1636 1908 aequabilitatem
1663 1848 1890 1893 sectatos

69 1947 185 1981 esse
225 1928 514 1980 multorum
552 1928 792 1978 virorum
821 1927 1098 1979 doctorum
1140 1945 1302 1998 opera
1337 1936 1444 1980 tam
1480 1930 1752 1982 luculente
1794 1930 1883 1981 de-

67 2026 421 2071 monstratum
472 2036 590 2068 esse
646 2017 775 2068 mihi
823 2016 1062 2084 videtur,
1113 2025 1171 2068 ut
1222 2037 1421 2088 paucos
1478 2037 1594 2071 esse
1651 2019 1889 2087 credam,

69 2108 157 2176 qui
190 2107 445 2178 perlectis
482 2125 614 2174 quae
647 2107 712 2158 de
738 2107 838 2158 hac
863 2125 922 2158 re
944 2107 1143 2178 scripta
1167 2116 1305 2174 sunt,
1338 2109 1495 2160 etiam
1519 2129 1662 2161 nunc
1683 2110 1889 2162 litteras

66 2205 274 2249 nostras
317 2197 455 2249 ullos
497 2215 565 2248 ex
603 2196 716 2248 eius
755 2198 1215 2266 pervestigatione
1257 2199 1465 2252 fructus
1509 2200 1730 2270 adeptas
1772 2218 1889 2252 esse

66 2297 289 2357 negent.
364 2287 475 2341 Sed
519 2307 638 2339 cum
677 2287 866 2339 harum
921 2288 1292 2355 quaestionum
1330 2309 1438 2342 non
1479 2291 1654 2342 solum
1695 2308 1792 2360 per
1834 2309 1890 2342 se

67 2377 305 2429 difficilis
339 2377 405 2428 sit
427 2377 672 2429 tractatio
694 2406 760 2416 —-
785 2377 984 2448 quippe
1011 2378 1220 2448 quaein
1247 2380 1374 2431 artis
1409 2380 1624 2432 criticae
1649 2381 1891 2450 partibus

65 2475 312 2519 versetur
341 2467 498 2518 valde
521 2467 742 2519 lubricis
766 2499 849 2534 ——,
871 2468 964 2520 sed
1005 2477 1291 2539 propterea
1324 2470 1490 2521 multo
1532 2471 1690 2522 etiam
1723 2471 1891 2542 impe-

68 2556 244 2622 ditior,
291 2557 433 2624 quod
464 2556 530 2608 de
566 2556 933 2608 diverbiorum
971 2559 1412 2626 responsionibus
1457 2560 1586 2628 (quo
1626 2561 1889 2614 vocabulo

69 2647 346 2699 brevitatis
370 2666 529 2698 causa
551 2647 628 2698 uti
652 2647 779 2698 mihi
799 2647 979 2711 liceat)
1016 2648 1183 2712 nulla,
1213 2649 1279 2700 de
1301 2649 1554 2702 universa
1575 2659 1753 2704 autem
1778 2660 1891 2703 arte

67 2737 311 2789 scaenica
348 2755 616 2807 perpauca
656 2738 720 2788 ad
763 2757 858 2790 nos
899 2747 1263 2808 pervenerunt
1288 2747 1534 2791 veterum
1568 2741 1889 2808 testimonia,

66 2833 173 2878 tam
215 2828 393 2878 variae
433 2835 592 2896 atque
646 2828 968 2880 fluctuantes
1016 2827 1371 2898 plurimorum
1427 2829 1492 2881 de
1532 2832 1892 2884 concinnitate

65 2916 157 2967 illa
192 2937 222 2967 a
262 2916 579 2967 nostratium
617 2925 730 2967 arte
765 2918 926 2988 plane
963 2917 1138 2968 aliona
1171 2938 1312 2970 nunc
1341 2927 1466 2971 sunt
1499 2920 1797 2989 opiniones,
1835 2928 1893 2972 ut

0 3061 1 3076 χ
69 3023 226 3072 quam
269 3006 504 3056 maxime
559 3005 915 3074 desideretur,
950 3007 1037 3074 qui
1079 3026 1146 3060 ex
1190 3008 1454 3075 omnibUS,
1491 3027 1624 3079 quae
1663 3018 1891 3061 aetatem

68 3094 306 3145 tulerunt
341 3095 576 3146 omniun}
611 3096 940 3164 tragicorum
980 3097 1294 3164 tragoediis,
1337 3115 1470 3164 quae
1512 3099 1616 3149 huc
1652 3099 1888 3168 pertine-

67 3193 174 3250 ant,
234 3184 458 3253 colligat
514 3194 675 3253 atquc
733 3185 799 3236 ad
842 3205 996 3237 suum
1055 3205 1298 3257 quaeque
1357 3187 1605 3239 ordinem
1661 3188 1890 3258 redigat.

69 3273 222 3326 Tunc
256 3274 471 3326 demum
521 3274 578 3327 in
616 3275 932 3343 opinionum
985 3276 1199 3328 illarum
1249 3277 1427 3329 locum
1473 3286 1680 3329 certum
1729 3286 1889 3347 atque

67 3362 258 3415 stabile
297 3364 554 3416 succedet
591 3365 862 3418 iudicium.

1534 3458 1560 3508 1
