2171 3752
983 158 1042 207 11

248 309 313 359 V.
356 309 487 362 1239
525 304 701 378 τούτῳ
736 308 788 360 τί
826 307 994 374 λέξεις
1031 303 1276 371 σκόλιονς
1317 338 1382 344 —
1423 298 1632 376 ᾠδικῶς
1668 302 1769 374 ἐγώ

105 400 169 451 ab
194 400 503 452 Hamakero
532 400 913 467 Meinekioque
953 399 1163 450 deletus
1204 406 1298 448 est.
1343 398 1564 461 (Mnem.
1586 396 1656 447 V.
1680 397 1754 461 2).

246 489 312 541 V.
357 490 483 541 1251
526 494 630 541 παῖ
665 494 782 551 παῖ,
823 486 883 540 τι)
925 490 1148 541 δεῖπνον
1185 487 1369 554 Xera&
1409 482 1695 552 συσκεύαζε
1732 487 1835 555 νῷν

109 577 320 648 spurius
365 587 459 630 est.
533 579 727 631 Nullus
773 581 911 631 enim
951 578 1288 630 Philocleoni
1339 576 1809 645 Bdelycleonique
1849 573 1936 624 ad-

105 675 186 719 est
223 687 360 738 puer
396 688 572 738 neque
628 671 670 722 si
711 671 922 722 adesset
990 688 1210 721 coenam
1249 686 1440 737 parare
1487 668 1775 731 iuberetur,
1817 665 1938 732 quia

107 775 215 810 non
256 758 397 810 domi
454 760 531 810 illi
576 770 789 811 manent
827 760 922 813 sed
976 760 1042 811 ad
1080 759 1381 812 convivium
1421 758 1475 808 in
1517 754 1935 808 Philoctemonis

107 847 272 899 domo
313 849 694 901 celebrandum
734 850 855 901 ituri
897 859 1032 902 sunt.

398 939 464 992 V.
508 939 642 990 1:³60
677 936 980 992 cclowmxsir
1012 935 1277 1008 χέλοιονῖ
1311 933 1652 1005 σιβαριτικόν

108 1027 173 1078 ab
224 1027 590 1098 Aristophane
646 1030 852 1080 alienus
894 1038 988 1081 est.
1067 1029 1359 1099 Aesopicas
1400 1028 1538 1080 enim
1580 1027 1936 1095 Sybariticas-

111 1136 213 1185 que
250 1119 453 1170 fabulas
494 1119 547 1170 in
592 1120 944 1190 optimatium,
1004 1121 1187 1188 quales
1239 1120 1482 1188 Antipho
1521 1117 1933 1187 Phrynichique

111 1207 274 1258 amici.
320 1208 536 1259 fuerunt
599 1210 861 1261 conviviis
910 1230 1017 1261 non
1073 1229 1185 1261 mos
1234 1218 1346 1260 erat
1396 1227 1613 1261 narrare
1659 1225 1835 1275 neque
1877 1214 1935 1258 ut

110 1317 197 1350 eas
254 1307 435 1350 narret
493 1300 629 1369 patri
688 1301 1002 1371 praecipere
1061 1309 1236 1371 potest
1283 1301 1442 1367 filius,
1501 1299 1595 1352 sed
1646 1299 1698 1350 id
1751 1307 1935 1352 monet

107 1407 243 1453 eum,
294 1397 368 1451 ut,
418 1390 460 1442 si
510 1390 634 1459 quid
677 1391 980 1457 offenderit,
1022 1392 1077 1442 in
1127 1391 1291 1443 risum
1335 1409 1448 1442 rem
1491 1398 1681 1455 vortat,
1735 1389 1934 1441 salibus

107 1498 231 1545 usus
261 1479 495 1544 urbanis,
539 1481 720 1546 quales
760 1482 823 1532 ab
862 1481 969 1532 illis
1011 1482 1300 1533 didicisset.
1377 1482 1529 1533 Haec
1568 1489 1745 1532 autem
1783 1499 1932 1550 prae-

107 1582 264 1644 cepta
310 1576 527 1627 minime.
576 1571 816 1638 sequitur
858 1572 1137 1636 Philocleo
1194 1572 1288 1623 sed
1327 1590 1509 1624 eorum
1565 1571 1651 1641 qui
1693 1571 1932 1623 convivis

107 1665 328 1735 placent
378 1667 498 1717 loco
537 1682 845 1716 sermonum
886 1663 1091 1715 fabulas
1152 1664 1272 1715 illas
1314 1683 1442 1733 quas
1493 1662 1617 1714 inde
1656 1682 1685 1713 a
1721 1681 1815 1714 sua
1854 1661 1931 1713 iu-

107 1763 327 1806 ventute
351 1757 516 1821 novit,
548 1773 669 1806 cum
692 1753 1092 1823 compotoribus
1114 1762 1227 1804 tum
1257 1753 1467 1804 mulieri
1508 1760 1695 1823 postea
1732 1770 1931 1821 panum

102 1845 389 1897 venditrici
413 1844 814 1912 accusatorique
853 1852 1033 1894 narrat
1067 1843 1132 1893 ob
1175 1862 1398 1914 eamque
1419 1861 1531 1895 rem
1568 1862 1652 1894 vv,
1695 1841 1925 1909 1320,›21

99 1955 129 1986 a.
165 1934 401 1986 Xanthia
441 1935 790 2005 vituperatur.

317 2024 384 2076 V.
430 2024 557 2075 1387
598 2021 655 2092 w}
695 2020 786 2074 τὸν
824 2022 906 2075 Δί’
946 2021 1207 2089 ἐξέμαθές
1246 2041 1299 2089 γε
1341 2018 1433 2090 τὴν
1475 2013 1780 2088 Ὀλυμπίαν.

105 2117 169 2168 ab
212 2115 522 2168 Hamakero
562 2115 877 2181 (Mnem.V,
903 2114 956 2180 2)
996 2113 1375 2180 Meinekioque
1414 2113 1623 2164 deletus
1662 2120 1757 2164 est.

319 2203 386 2256 V.
433 2203 568 2256 1395
609 2199 733 2255 ὥστ’
768 2196 867 2255 oid’
911 2198 1023 2272 ((’τιῂ
1066 2197 1229 2272 ταύτῃ
1268 2197 1729 2271 διαλλαχθήσομαι

103 2313 176 2346 ex
217 2293 477 2362 margine,
528 2294 619 2345 ubi
664 2314 691 2344 a
729 2293 887 2345 docto
927 2294 1131 2344 leet-ore
1179 2311 1247 2344 ex
1291 2292 1392 2343 alia
1453 2293 1629 2343 fabula
1667 2293 1928 2363 ascriptus

101 2384 265 2436 fucrit
302 2384 583 2453 irrepsisse
610 2384 895 2436 arbitratur
916 2383 1219 2435 Meinekius
1252 2383 1418 2450 (vind.
1445 2383 1719 2453 Aristoph.
1746 2402 1798 2453 p.
1821 2384 1930 2452 35).

100 2474 224 2543 Ego
277 2474 649 2544 interpolatori
710 2474 885 2544 potius
939 2492 1058 2524 eum
1114 2473 1422 2538 tribuerim,
1482 2473 1571 2541 qui
1622 2472 1688 2524 ad
1745 2491 1933 2526 versus

106 2564 235 2616 1421
287 2560 387 2632 ἐγώ
437 2563 534 2631 μὲν
585 2553 678 2617 οὖν
730 2557 873 2633 αιῗτῴ
923 2559 1388 2632 διαλλαχθήσομαι
1444 2562 1754 2632 exemplum
1811 2581 1929 2614 eum

105 2654 300 2705 fecerit
335 2656 388 2706 in
430 2672 601 2723 eoque
663 2656 748 2725 qui
791 2654 1058 2708 antecedit
1096 2673 1252 2706 versu
1296 2655 1428 2706 1394
1480 2673 1577 2725 pro
1617 2648 1749 2705 αὖτά
1789 2653 1930 2725 quod

107 2744 418 2796 Hamakero
463 2745 685 2811 (Mncm.
731 2746 799 2797 V.
839 2747 895 2807 3)
946 2746 1051 2798 iam
1097 2745 1452 2797 offensionem
1495 2745 1747 2814 praebuit
1804 2744 1929 2796 scri-

108 2834 333 2904 pserim:

508 2919 655 2990 λόχοι
697 2919 1038 2990 ὄιαλλάξοισί
1075 2927 1128 2992 μ’
1166 2919 1297 2998 αἰτῇ
1338 2925 1522 2991 δεξιοί.

243 3013 311 3065 V.
358 3013 491 3065 1432
530 3009 670 3064 οὕτω
708 3013 764 3066 δὲ
802 3015 888 3066 καὶ
924 3011 987 3067 σί·
1026 3012 1315 3082 παράτρεχ’
1359 3014 1411 3077 ἐς
1450 3011 1512 3066 τὰ
1551 3010 1824 3067 Πιττάλθυ

102 3103 195 3154 ubi
221 3103 387 3173 vulgo
416 3105 709 3172 legeretur,
751 3105 958 3157 scilicet
977 3115 1099 3175 post
1121 3106 1405 3175 Sybaritae
1433 3105 1520 3176 qui
1546 3125 1572 3158 e
1593 3125 1753 3158 curru
1794 3105 1930 3157 ceci-

105 3191 182 3243 dit
218 3192 498 3244 historiam
536 3194 714 3245 locum
768 3212 877 3246 non
917 3195 1117 3247 habere
1157 3195 1364 3266 primus
1414 3195 1548 3246 vidit
1586 3195 1929 3247 Hamakerus

103 3280 330 3349 (Mnem.
354 3282 423 3347 V,
446 3283 523 3351 3),
564 3283 662 3335 sed
700 3283 844 3336 idem
882 3304 1003 3336 oum
1041 3294 1165 3356 post
1213 3305 1262 3337 v.
1290 3285 1421 3337 1439
1461 3303 1582 3337 eum
1616 3292 1783 3354 ponat
1821 3302 1929 3335 non
