2171 3752
977 164 1040 216 37

246 319 425 371 Minus
465 318 729 370 concinne
769 316 1210 386 vesparum&
1266 313 1528 382 prologus
1581 307 1912 378 compositus

99 408 250 459 cuius
288 409 513 478 primam
561 407 951 476 quinquaginta
997 405 1155 457 trium
1192 419 1444 454 versuum
1483 417 1727 451 scaenam
1779 414 1912 465 quae

98 497 366 549 Xanthiae
402 497 696 567 Sosiaeque
739 498 978 549 continet
1020 494 1367 562 colloquium,
1407 490 1674 543 Xanthiae
1711 487 1915 556 excipit

98 588 267 639 oratio
307 589 372 638 de
411 588 781 652 Philocleone‚
837 604 971 657 quae
1015 593 1133 656 post
1172 583 1393 651 triginta
1431 599 1683 632 versuum
1724 595 1911 649 prooe-

97 677 261 728 mium
318 677 572 745 (54-84)
630 677 852 727 totidem
913 676 976 726 de
1019 675 1160 726 senis
1222 672 1453 724 moribus
1514 670 1625 737 agit
1672 668 1916 720 versibus

99 767 401 834 (So—104),
458 767 584 817 inde
637 774 813 817 autem
888 765 1077 833 quibus
1129 762 1422 815 rationibus
1478 762 1676 812 frustra
1728 774 1916 810 sanare

101 873 219 906 eum
263 855 403 907 filius
451 856 741 927 quaesierit
784 855 951 906 refert
993 852 1329 920 <nb—353„
1373 852 1522 917 Quos
1572 865 1822 900 numeros
1873 846 1913 897 si

99 964 220 997 cum
245 944 309 996 iis
346 964 480 1015 quae
511 955 764 998 secuntur
802 964 962 1014 supra
987 964 1013 995 a
1041 962 1122 995 mc
1159 942 1398 994 tractatis
1431 955 1736 1009 compones,
1779 937 1919 986 hunc

96 1035 317 1088 habebis
357 1035 626 1088 ordinem:

566 1126 753 1193 53‚30‚
780 1125 966 1192 30,21‚
1000 1125 1077 1189 16,
1113 1123 1377 1189 16,31‚31

999 1223 1065 1273 53

237 1313 529 1366 Nonnullis
590 1313 720 1365 locis
773 1313 844 1364 ita
896 1321 1053 1383 poeta
1104 1311 1330 1363 instituit
1383 1308 1808 1379 responsionem,
1865 1313 1922 1355 ut

99 1405 323 1456 duarum
364 1422 677 1455 scaenarum
714 1421 937 1454 numero
975 1402 1073 1453 sibi
1117 1399 1560 1470 respondentium
1587 1416 1690 1448 una
1732 1414 1920 1464 aequa-

95 1495 298 1547 bilibus
337 1493 705 1546 contineretur
744 1493 1001 1563 partibus,

236 1584 313 1639 Ut
351 1585 404 1635 in
445 1583 708 1652 Vespis
762 1583 852 1634 ubi
893 1583 1059 1633 altera
1101 1599 1414 1632 scaenarum
1457 1586 1668 1630 centum
1717 1576 1924 1627 duobus

97 1674 348 1726 versibus
406 1674 820 1744 compositarum
876 1672 946 1723 ita
986 1672 1160 1723 denuo
1216 1671 1383 1721 divisa
1425 1678 1520 1732 est,
1570 1676 1628 1718 ut
1668 1666 1928 1734 quinqua-

103 1765 254 1833 ginta
293 1784 400 1816 uno
441 1764 684 1816 versibus
735 1763 1054 1830 (891—943)
1081 1763 1255 1814 Labes
1301 1760 1446 1812 canis
1486 1766 1769 1810 accusetur
1808 1756 1926 1807 toti-

105 1856 336 1925 demque
376 1855 666 1921 <944-94)
711 1854 1029 1905 defendatur
1068 1863 1224 1921 atque
1262 1851 1582 1903 absolvatur.

246 1946 313 1997 In
349 1946 598 1998 Avibu
621 1965 644 1996 s
686 1962 897 2015 quoque
924 1943 1182 1997 Pisetaeri
1218 1961 1339 1993 cum
1368 1948 1525 2012 poeta
1559 1957 1752 1990 scaena
1793 1925 1927 2005 quae

101 2037 150 2088 ei
189 2037 244 2088 in
287 2055 391 2104 qua
431 2055 547 2086 cum
591 2035 969 2103 ehrcsmologo
1010 2033 1336 2103 colloquitur
1365 2029 1675 2100 respondet,
1715 2028 1918 2078 dua-bus

101 2126 357 2178 denarum
407 2134 750 2195 septenarum
793 2134 1001 2176 constat
1054 2124 1307 2194 partibus,
1365 2139 1587 2189 quarum
1644 2119 1698 2170 in
1741 2118 1922 2187 priore

107 2217 393 2284 (903-30)
415 2215 937 2285 Nephelococcygia
973 2235 1001 2265 a
1038 2221 1194 2284 poeta
1234 2212 1455 2274 canitur,
1494 2210 1618 2261 dum
1659 2209 1713 2259 in
1753 2206 1922 2258 altera

102 2307 170 2359 de
211 2307 348 2358 vatis
391 2306 644 2357 mercede
686 2307 879 2374 agItur.

196 2392 198 2394 ¹
242 2398 309 2448 In
345 2396 728 2464 Equitibus
774 2395 916 2466 prior
967 2400 1183 2445 centum
1224 2388 1631 2459 quatuordecim
1679 2405 1931 2438 versuum

102 2506 294 2540 scaena
327 2487 398 2538 ita
424 2487 723 2556 composita
763 2494 842 2536 est
867 2493 924 2535 ut
964 2484 1013 2535 in
1042 2481 1228 2553 primis
1255 2472 1655 2552 quatuordeeim
1687 2476 1929 2528 versibus

102 2577 424 2646 (997-994)
463 2597 558 2628 sua
593 2584 818 2643 uterque
858 2574 1196 2626 adversarius
1239 2572 1455 2623 oracula
1479 2570 1654 2621 Demo
1690 2565 1934 2618 venditet

99 2667 154 2717 in
193 2667 470 2734 octoginta
511 2684 608 2717 sex
647 2665 789 2730 inde,
829 2664 915 2731 qui
948 2671 1202 2715 secuntur
1244 2660 1563 2729 (loll—953
1605 2659 1658 2710 in
1693 2657 1932 2708 medium

102 2775 164 2808 ea
202 2757 460 2825 proferat,
501 2756 675 2807 donec
710 2754 912 2807 ultimis
961 2751 1371 2823 quatuordecim
1409 2749 1654 2801 versibus
1700 2747 1927 2813 2105)ss—

106 2846 279 2909 1110),
340 2863 473 2914 quae
534 2845 795 2915 sequitur,
851 2850 1204 2913 praeparatur
1259 2857 1470 2892 scaena.
1550 2839 1700 2890 Haec
1753 2844 1928 2887 autem

102 2936 308 2987 duabus
363 2936 866 3005 quinquagenorum
949 2940 1294 3001 septenorum
1366 2946 1618 2981 versuum
1692 2925 1931 2996 partibus

103 3023 421 3090 continetur,
458 3043 677 3092 quarum
719 3023 775 3074 in
801 3023 979 3092 priore
1020 3017 1413 3084 (1151-1206)
1437 3016 1590 3068 donis
1635 3013 1928 3068 adversarii

222 3303 262 3359 1)
291 3302 404 3345 Dele
435 3317 476 3347 v.
510 3306 582 3346 77.
