2171 3752
1034 180 1102 232 28

169 341 376 404 guttam
434 334 726 404 petituruS,
783 334 875 387 sed
931 335 1165 405 primum
1214 333 1487 404 agricola,
1544 341 1658 386 tum
1713 344 1977 386 novorum

166 434 451 495 nuptorum
477 426 658 493 legati.
697 425 814 491 Qua
844 425 908 476 de
934 424 1285 495 responsione
1312 443 1454 476 nunc
1479 424 1730 494 incipiam
1756 426 1812 490 ¹),
1852 425 1979 492 quia.

165 516 382 585 stropha
411 534 547 583 quae
587 516 841 586 priorem,
882 515 1215 583 antistropha
1255 533 1389 584 quae
1428 515 1660 566 alteram
1701 514 1980 584 praecedi—t

165 615 367 674 partem
410 624 527 656 cum
574 613 1007 656 tetrametrorum
1052 604 1493 675 responsionibus
1542 604 1747 672 aliquid
1788 605 1836 656 ei
1887 604 1979 658 dat

161 694 537 745 similitudinis.
585 695 766 746 Habes
808 695 950 746 enim
989 694 1060 746 ibi
1102 702 1223 764 post
1258 712 1522 747 commum
1564 694 1704 744 inter
1747 694 1970 746 chorum

160 784 712 854 Dicaeopolidemque
754 783 1105 834 distributum
1149 801 1396 835 scaenam
1458 783 1797 851 undeviginti
1854 802 1974 837 ver·

161 897 310 929 suum
356 876 675 943 ‹lom-4³6)
730 876 783 927 in
840 894 938 944 qua
980 858 1354 945 Dicaeopolis⁶
1388 874 1664 943 agricolae
1722 875 1893 927 bobus
1948 895 1978 927 a

161 965 599 1018 Lacedaemoniis
648 967 854 1037 privato
914 975 1222 1037 exoptatam
1281 967 1424 1036 pacis
1479 974 1684 1035 guttam
1727 984 1782 1017 se
1827 965 1977 1017 datu-

162 1075 277 1108 rum
308 1065 487 1122 negat,
526 1066 643 1127 post
678 1057 1067 1127 antistropham
1099 1066 1275 1108 autem
1317 1057 1553 1108 eiusdem
1598 1056 1807 1108 numeri
1842 1055 1978 1108 alte-

159 1166 271 1198 ram
317 1147 638 1209 (1047—66)
678 1147 818 1199 inter
848 1146 1295 1216 Dicaeopolidem
1336 1156 1495 1217 atque
1541 1147 1975 1217 paranymphum

162 1239 583 1307 pronubamque,
621 1237 705 1289 cui
744 1236 787 1288 is
827 1247 904 1289 est
945 1237 1084 1302 finis,
1123 1245 1181 1288 ut
1223 1255 1413 1289 succus
1453 1237 1546 1289 ille
1584 1255 1811 1308 sponsae
1854 1256 1969 1289 con·

162 1327 398 1380 cedatur.

299 1416 684 1485 Vesparum
726 1435 823 1467 vv.
853 1415 1257 1481 1341—14812)
1316 1425 1727 1490 sex-constant,
1785 1416 1982 1488 quibus

164 1506 525 1559 Philocleonis
556 1507 784 1558 ebrietas
813 1506 1073 1577 pingitur,
1100 1508 1334 1575 scaenis:
1374 1507 1604 1578 primum
1633 1508 1779 1568 enim>
1809 1525 1975 1560 senex

160 1596 270 1664 ille,
313 1597 450 1667 quod
481 1615 508 1648 e
543 1598 787 1648 convivio
829 1597 1086 1667 surripuit
1124 1607 1360 1650 scortum
1400 1598 1592 1667 viginti
1631 1598 1801 1651 tribus
1842 1600 1975 1659 allo-

161 1687 337 1755 quitur
375 1689 618 1741 versibus
665 1687 990 1755 (1341-63)
1030 1689 1220 1740 eodem
1264 1690 1391 1742 inde
1432 1708 1657 1741 numero
1698 1688 1978 1749 altercatio

159 1778 298 1830 inter
337 1788 540 1848 patrem
584 1779 861 1848 filiumque
901 1779 1206 1832 continetur
1240 1779 1586 1847 (1364—86);
1626 1800 1785 1851 quam
1827 1765 1978 1834 scaess

159 1888 278 1920 nam
319 1888 452 1938 quae
482 1871 757 1940 excipiunt
780 1873 1145 1925 Philocleonis
1184 1891 1302 1923 cum
1347 1871 1570 1924 muliere
1616 1890 1815 1941 panum
1847 1890 1975 1924 ven·

160 1957 347 2011 ditrice
374 1979 602 2028 cumque
642 1971 950 2014 accusatore
989 1963 1163 2031 iurgia
1190 1961 1577 2030 (1387—1114,
1605 1961 1970 2027 1415—1441)

158 2048 357 2100 vicenis
405 2050 543 2101 senis
582 2052 878 2122 composita
920 2062 1042 2105 sunt
1084 2052 1355 2116 versibus3
1417 2052 1659 2120 sequitur
1698 2060 1815 2104 octo
1858 2070 1975 2104 ver-

159 2157 310 2189 suum
351 2158 538 2190 scaena
561 2140 882 2209 (1442-49)
907 2142 962 2193 in
997 2162 1099 2212 qua
1132 2151 1339 2213 patrem
1381 2142 1522 2195 filius
1563 2142 1782 2194 domum
1814 2140 1979 2208 ducit,

157 2227 247 2278 ubi
290 2228 414 2298 quid
454 2229 642 2282 feccrit
680 2240 800 2302 post
842 2251 1059 2284 carmen
1100 2253 1128 2284 a
1169 2233 1331 2284 choro
1380 2241 1654 2285 cantatum
1698 2232 1826 2285 octo
1855 2216 1973 2284 ver-

158 2317 301 2370 sibus
344 2320 665 2388 ‹31474—81)
708 2341 736 2372 a
774 2321 1007 2373 Xanthia
1046 2330 1310 2374 narratur.

298 2409 561 2461 Similiter
600 2419 656 2462 ut
696 2411 1059 2465 Philocleonis
1100 2412 1185 2464 hic
1219 2412 1474 2479 lascivia,
1527 2412 1583 2465 in
1621 2412 1796 2482 primo
1839 2413 1975 2466 Ves-

159 2516 344 2568 parum
383 2509 497 2552 actu
542 2503 759 2555 morbus
800 2503 911 2554 eius
954 2503 1266 2556 helia⁰sticus
1307 2504 1568 2574 pingitur,
1605 2523 1708 2574 quo
1737 2504 1973 2573 agitatus

161 2588 336 2640 omnia
394 2592 705 2661 experitur,
773 2600 831 2644 ut
886 2594 1187 2646 libertatem
1250 2603 1434 2646 nactus
1493 2593 1685 2646 iudicis
1750 2612 1977 2646 munere

160 2678 312 2746 fungi
353 2681 535 2749 possit.
593 2682 729 2734 Sunt
764 2684 902 2734 enim
945 2704 971 2735 a
1008 2687 1179 2738 v.136
1212 2704 1382 2754 usque
1421 2686 1493 2738 ad
1533 2704 1580 2736 v.
1611 2683 1711 2736 229
1752 2692 1978 2753 quatuor

161 2787 401 2836 scaenae,
457 2773 677 2841 quarum
721 2774 947 2844 primum
987 2796 1083 2846 par
1126 2776 1439 2842 9136—151,
1484 2775 1780 2842 152—167)
1823 2792 1975 2827 seno·

161 2878 276 2910 rum
331 2860 608 2930 denorum,
666 2865 895 2916 alterum
940 2867 1253 2933 (168—198,
1293 2867 1588 2933 199—229)
1646 2867 1978 2918 tricenorum
2058 2928 2061 2930 v

161 2948 496 3016 singulorum
529 2962 609 3005 est
637 2971 906 3007 versuum.
950 2958 1190 3022 Quarum
1228 2957 1460 3027 inprima
1493 2975 1589 3028 per
1615 2957 1978 3024 fumariolum,

163 3039 307 3105 quasi
351 3041 528 3095 fumus
567 3043 659 3111 sit,
714 3046 882 3097 filium
924 3047 1170 3118 effugere
1225 3048 1406 3100 studet
1450 3065 1655 3114 senex,
1710 3046 1836 3099 inde
1876 3041 1977 3118 per

282 3243 321 3295 1)
351 3242 462 3285 Dele
496 3257 537 3287 v.
563 3246 687 3288 1064.

273 3324 315 3374 2:
353 3321 465 3364 Dele
498 3337 569 3366 vv.
589 3327 716 3378 1387,
755 3326 883 3378 1395,
918 3328 1047 3372 1440.
