2171 3752
994 205 1027 256 3

104 356 208 407 tica
240 373 290 425 p.
320 354 417 405 116
455 353 827 405 Hermannum
878 352 1091 422 saepius
1127 353 1194 404 de
1245 353 1511 420 aequabili
1573 371 1917 405 numerorum

100 445 155 496 in
195 443 447 496 diverbiis
485 443 860 495 distributione
897 443 1133 495 locutum
1190 459 1306 493 esse
1346 451 1754 508 commemoret,
1802 443 1917 513 ipse

100 542 346 606 respecta
379 534 478 585 hae
517 533 876 585 concinnitate
897 532 1149 601 Equitum
1190 533 1310 584 loco
1353 533 1440 602 qui
1478 540 1559 584 est
1597 541 1719 602 post
1751 551 1800 583 v.
1822 533 1923 583 273

103 642 415 676 succurrere
460 623 656 675 studet.
730 623 826 674 Est
866 631 1043 674 autem
1094 622 1228 672 haec
1283 622 1348 673 de
1388 639 1490 689 qua
1542 620 1811 692 Sauppius
1848 622 1921 672 lo-

101 715 280 782 quitur
314 714 650 765 concinnitas
689 713 851 783 plane
897 712 1108 764 diversa
1141 714 1205 763 ab
1258 730 1319 763 ea
1355 729 1510 779 quam
1549 712 1604 761 in
1640 711 1923 763 elementis

103 804 270 856 doctr.
312 813 464 855 metr.
504 803 844 855 Hermannus
897 802 1038 872 apud
1074 801 1500 871 Aristophanem
1553 801 1786 852 inveniri
1827 800 1914 852 de·

101 900 491 945 monstraverat
522 912 864 944 numerorum
893 891 1302 962 aequabilitate3
1345 891 1389 942 is
1433 890 1572 942 enim
1608 898 1742 942 totas
1779 909 1919 942 scae-

99 1003 192 1035 nas
237 1001 489 1035 versuum
528 1001 752 1035 numero
795 983 892 1035 sibi
932 981 1264 1051 respondere
1306 980 1535 1048 dixerat,
1564 980 1834 1052 Sauppius
1870 981 1923 1034 in

98 1093 204 1124 una
247 1073 539 1142 eademque
582 1091 776 1124 scaena
823 1090 1009 1123 versus
1061 1070 1294 1123 ostendit
1334 1070 1474 1121 inter
1525 1070 1765 1138 singulas
1804 1090 1925 1139 per-

102 1182 258 1214 sonas
296 1163 650 1231 aequabiliter
691 1162 1020 1215 distributos.

242 1252 483 1317 Quorum
523 1254 760 1305 virorum
815 1253 1038 1321 ingenio
1081 1260 1360 1322 postquam
1415 1252 1563 1303 velut
1601 1253 1738 1303 muri
1775 1260 1921 1303 vete-

101 1344 175 1394 ris
214 1343 439 1396 aedificii
481 1352 623 1395 terra
660 1344 836 1395 obruti
866 1344 1067 1413 reperti
1099 1350 1236 1409 sunt,
1271 1343 1465 1394 mirum
1499 1354 1594 1408 est,
1632 1343 1720 1395 diu
1760 1343 1927 1396 nemi-

99 1452 223 1486 nem
249 1435 313 1485 ad
353 1434 634 1485 interiores
664 1441 840 1503 partes
874 1432 1139 1484 eruendas
1176 1450 1294 1483 sese
1334 1432 1675 1501 applicuisse.
1714 1433 1925 1501 Viginti

103 1523 244 1574 enim
325 1521 540 1572 demum
610 1530 732 1590 post
809 1520 1086 1589 epistolam
1158 1520 1398 1571 criticam
1457 1521 1707 1591 scriptam
1775 1522 1929 1574 annis

106 1611 503 1680 NVolfgangius
543 1611 750 1678 Helbig
792 1611 979 1662 eadem
1019 1627 1118 1677 qua
1154 1609 1504 1661 Hermannus
1547 1611 1930 1680 Reisig-iusque

101 1701 230 1753 olim
278 1702 360 1752 via
408 1702 687 1769 ingressus
734 1702 787 1751 in
825 1700 1057 1767 Avibus,
1104 1699 1406 1770 Equitibus,
1448 1698 1760 1768 Lysistrata,
1818 1702 1928 1754 Nu-

101 1792 256 1843 bibus
317 1790 558 1843 diverbia
621 1793 745 1842 satis
808 1792 973 1859 longa
1031 1792 1353 1842 tetrametris
1404 1792 1651 1843 versibus
1712 1810 1926 1862 compo—

102 1879 218 1946 sita,
261 1897 395 1947 quae
435 1879 708 1949 strophica
743 1879 890 1930 cbori
934 1880 1168 1931 carmina
1202 1880 1608 1948 praecederent,
1636 1888 1927 1949 systemata

102 1977 472 2038 sequerentur,
513 1987 767 2020 versuum
799 1987 1022 2021 numero
1061 1969 1200 2020 inter
1227 1988 1281 2021 se
1320 1987 1621 2037 congruere
1661 1970 1929 2021 intellexit

100 2066 259 2125 atque
298 2058 353 2109 in
393 2059 517 2109 novi
554 2059 987 2112 musciRhenani
1022 2069 1056 2110 t.
1086 2059 1210 2110 XV.
1251 2060 1451 2127 (1860),
1490 2079 1541 2129 p.
1577 2059 1819 2111 251—64
1857 2060 1930 2110 ita

102 2148 505 2216 demonstravit,
528 2159 585 2200 ut
612 2169 773 2216 nunc,
805 2150 930 2200 licet
967 2151 1032 2201 de
1073 2150 1301 2217 singulis
1333 2150 1653 2219 quibusdam
1693 2149 1924 2202 dubitari

103 2238 313 2305 debeat,
367 2239 432 2290 de
467 2241 718 2293 universa
755 2250 936 2293 tamen
982 2259 1040 2291 re
1081 2240 1228 2291 nulla
1269 2240 1498 2311 amplius
1536 2240 1603 2291 sit
1641 2241 1928 2293 dubitatio.

243 2328 372 2382 Otto
414 2331 654 2382 Ribbeck
710 2331 943 2402 denique
994 2331 1049 2382 in
1101 2331 1498 2397 dissertatione,
1551 2350 1737 2400 quam:
1803 2331 1926 2383 ‘Die

104 2422 519 2490 symmetrische
546 2421 919 2490 Composition
957 2422 1013 2472 in
1048 2421 1142 2472 der
1200 2422 1418 2472 antiken
1456 2422 1662 2472 Poesie'
1703 2422 1928 2492 inscrip—

103 2518 207 2562 tam
249 2511 301 2561 in
340 2529 481 2562 novo
514 2531 696 2564 museo
718 2513 1002 2565 Helvetico
1033 2521 1066 2562 t.
1089 2511 1132 2579 I,
1158 2531 1207 2581 p.
1231 2511 1331 2563 213
1368 2512 1568 2581 publici
1608 2512 1737 2564 iuris
1780 2513 1929 2580 feeit,

103 2600 370 2652 Xanthiac
414 2602 467 2653 in
493 2602 689 2673 Vespis
719 2604 784 2654 de
818 2603 1170 2654 Philocleone
1209 2602 1507 2654 orationem
1553 2602 1928 2672 aequabilibus

104 2708 172 2742 ex
209 2700 357 2762 parte
398 2694 639 2745 articulis
681 2703 926 2746 constare
970 2694 1190 2744 monuit.

239 2781 361 2849 Ego
423 2802 565 2834 nune
637 2784 702 2835 de
762 2784 1009 2835 omnibus
1070 2783 1506 2853 Aristophaneae
1568 2783 1940 2854 responsionis-

104 2871 395 2939 generibus
422 2873 751 2942 loquendum
775 2874 905 2925 mibi
940 2875 1212 2944 proposui,
1245 2873 1340 2924 sed
1367 2873 1456 2938 ita,
1490 2882 1548 2924 ut
1580 2882 1726 2924 certa
1756 2874 1929 2926 euius-

108 2977 209 3028 que
251 2961 468 3028 generis
497 2964 745 3032 exempla
778 2963 1112 3030 colligerem,
1153 2963 1325 3013 minus
1367 2970 1511 3013 certa
1548 2973 1725 3013 autem
1763 2964 1926 3014 relin-

107 3067 354 3117 querem3
393 3052 749 3121 incipiamque
780 3054 843 3104 ab
884 3052 946 3104 iis
990 3051 1445 3121 responsionibus,
1493 3070 1628 3121 quae
1667 3069 1922 3104 versuum

108 3139 411 3191 cfficiuntur
446 3141 713 3209 aequabili
756 3141 1153 3204 distributione3
1212 3159 1339 3207 quas
1379 3141 1468 3193 ubi
1506 3160 1609 3192 una
1652 3161 1773 3193 eum
1811 3162 1926 3194 ora-

108 3227 344 3280 tionibus
380 3249 447 3282 cx
468 3232 839 3299 aequabilibus
861 3233 1099 3283 articulis
1132 3232 1443 3303 compositis
1474 3233 1528 3284 in
1550 3232 1720 3284 altero
1755 3233 1928 3303 capite

109 3327 424 3387 tractavero,
477 3322 531 3372 in
590 3323 745 3374 tertio
804 3322 869 3373 de
937 3322 1224 3374 maioribus
1279 3323 1467 3393 loquar
1521 3323 1922 3375 comoediarum
