2171 3752
1095 211 1164 263 22

226 379 329 437 est,
381 372 484 423 alia
538 371 609 421 ita
661 388 725 420 ex
786 376 933 439 parte
1004 374 1125 418 sunt
1181 364 1502 435 composita,
1560 370 1617 413 ut
1668 378 1921 412 versuum
1973 357 2051 409 di-

225 462 539 515 stributione
568 479 650 510 011
659 459 785 510 nino
808 477 914 510 non
944 466 1128 508 emata
1154 455 1316 506 solis.
1311 451 1586 505 sententiis
1620 451 2051 518 distringuantur

227 551 465 603 incmbra
526 567 776 601 versuum
834 564 1057 598 numero
1112 545 1211 597 sibi
1276 542 1677 614 respondentia.
1769 537 2047 592 Eiusmodi

225 649 402 691 autem
443 639 546 691 (luo
586 638 920 706 Equitum
977 644 1100 688 sunt
1139 652 1379 698 scaenae,
1439 651 1662 702 quarum
1717 631 1770 682 in
1807 630 1987 701 priore
2007 631 2046 694 ¹)

232 734 338 795 (vv.
372 729 667 792 333—33-35)
693 745 886 778 novem
914 726 1146 796 primum
1177 724 1341 775 habes
1362 740 1552 774 versus
1574 721 1885 787 (333-41),
1921 718 2049 770 dum

225 819 522 871 insiciarius
570 837 598 868 a
640 817 804 868 choro
846 816 1131 885 instigatus
1191 813 1583 884 Paphlagoque
1640 809 1834 862 mutuis
1888 802 1945 860 se
1993 809 2049 860 in
2116 838 2119 842 ·

227 910 356 960 iram
415 907 689 959 concitant
745 904 1001 958 conviciis
1059 912 1219 973 atque
1278 902 1456 969 minis3
1515 911 1770 954 secuntur
1821 898 2047 951 totidem

227 998 535 1064 ‹3452—50),
574 996 627 1046 in
666 996 856 1064 quibus
892 994 1175 1063 Paphlago
1215 994 1279 1044 ab
1317 991 1646 1057 adversario,
1686 990 1901 1043 dicendi
1935 988 2050 1043 arte
2118 1027 2123 1035 -

224 1089 378 1139 fisum
420 1086 792 1138 contradicere
846 1103 902 1136 se
942 1084 1018 1134 illi
1062 1083 1324 1154 professo,
1381 1100 1594 1134 omnem
1631 1082 1902 1134 abiudicat
1940 1081 2048 1135 elo-

228 1178 514 1247 quentiam.
590 1174 769 1227 Ceteri
808 1194 995 1226 versus
1032 1173 1098 1224 ad
1138 1174 1239 1224 hoc
1280 1173 1494 1224 schema
1534 1172 1814 1243 compositi
1846 1180 1996 1225 sunt:

759 1294 863 1346 Ins.
888 1292 943 1344 P.
985 1294 1033 1346 I.
1107 1293 1176 1345 D.
1221 1292 1487 1358 (P.I.D.)

794 1383 1050 1449 2‚3,3;
1126 1383 1174 1449 2,
1250 1382 1472 1435 6><1.

371 1501 617 1553 Alterius
644 1518 777 1569 quae
807 1501 909 1552 huc
947 1501 1183 1571 pertinet
1209 1501 1465 1570 Equitum
1493 1518 1717 1553 scaenae
1753 1504 1859 1566 (vv.
1879 1498 2053 1550 407—
2116 1472 2127 1507 ἱ

225 1592 315 1656 40)
359 1591 529 1662 prima
569 1610 691 1661 pars
729 1591 805 1642 sie
845 1590 1087 1642 ordinata
1131 1598 1239 1642 est:

672 1694 1529 1749 Ch.P..F.....PFChICh

698 1783 1506 1852 2;2‚4:24;2,4;.2

950 1827 963 1851 7
1050 1827 1065 1852 5

365 1903 659 1974 Excipiunt
712 1904 815 1955 hoc
864 1922 960 1955 sex
1017 1921 1205 1955 veisus
1256 1902 1445 1967 (4)9-
1452 1902 1559 1970 34),
1613 1901 1703 1953 ubi
1754 1901 1908 1970 vagis
1945 1901 2052 1953 Pa·
2132 1928 2141 1971 j

229 1994 431 2063 phlago
472 1994 629 2046 minis
663 1993 990 2045 insiciarium
1035 1993 1569 2063 Demosthenemque
1608 1993 1807 2045 frustra
1844 2000 2050 2045 terrere
2127 1988 2142 2026 '¹'

229 2083 408 2134 studet
465 2084 669 2152 hosque
709 2102 805 2135 sex
850 2084 1157 2152 (435-4130,
1206 2084 1297 2136 ubi
1337 2092 1563 2154 argento
1597 2102 1754 2149 unUS,
1817 2083 2049 2135 alterum

230 2182 539 2244 corruptum
577 2192 694 2226 esse
735 2174 1029 2226 contendit.

359 2278 609 2328 Avium
661 2277 892 2346 denique
932 2297 1181 2330 versus
1239 2278 1518 2331 352-385
1568 2278 1632 2330 ad
1681 2278 1783 2330 hoc
1832 2277 2052 2329 schema

229 2367 619 2418 accommodati
663 2377 807 2419 sunt:

403 2484 670 2538 C...hEP
732 2486 920 2541 Clin
964 2485 1377 2543 Ch..UCh..U
1439 2485 1842 2543 ΟὴΜΡΠΟΙ]

501 2575 588 2641 123
770 2577 913 2643 2,3;
1010 2577 1149 2643 2‚2‚
1221 2577 1359 2646 QG,
1469 2578 1748 2645 2,3><1

435 2645 640 2669 ““”“”
733 2648 939 2725 “5”
1001 2650 1340 2728 —12—
1457 2650 1794 2730 *qs*-

373 2783 476 2838 Ubi
523 2787 610 2852 qui
649 2788 820 2856 primo
859 2790 976 2841 loco
1015 2800 1140 2844 sunt
1173 2812 1363 2846 versus
1399 2792 1686 2845 duodecim
1720 2791 2048 2864 Euelpidem

233 2873 428 2925 habent
453 2875 897 2946 Pisctaerumque
927 2880 992 2931 ad
1029 2883 1382 2953 repulsandas
1411 2902 1536 2936 aves
1565 2901 1622 2936 se
1650 2890 2051 2954 praeparanteS,

235 2963 377 3030 quod
415 2974 685 3018 certamen
724 2987 936 3038 upupae
976 2972 1285 3024 interventu
1350 2973 1404 3024 in
1443 2972 1794 3043 sequentibus
1834 2989 2048 3043 compo-

233 3065 390 3107 nitur.

374 3145 749 3200 Demonstravi
791 3151 887 3217 his,
926 3161 982 3204 ut
1022 3156 1189 3223 potui,
1227 3156 1281 3207 in
1319 3157 1645 3209 tetrametris
1683 3155 2049 3227 responsionis
2116 3192 2117 3195 κ

402 3335 439 3387 1)
473 3335 592 3376 Ante
625 3351 663 3377 v.
696 3339 778 3379 337
815 3353 930 3381 unus
963 3341 1148 3393 excidit,
1181 3357 1218 3385 v.
1255 3345 1340 3387 339
1373 3342 1595 3386 delendus
1631 3347 1715 3386 est.

2023 0 2140 340 ἒ

2127 319 2141 412 i
