2171 3752
985 192 1049 243 15

113 345 397 415 chiumque
431 353 552 397 sunt
571 338 831 412 βρώματα
866 339 954 395 διὰ
981 342 1198 410 μέλιτος
1231 341 1319 394 καὶ
1358 337 1617 411 γάλακτος
1651 336 1930 410 γιγνόμενα

114 435 202 503 (cf.
232 435 512 506 Aristoph.
537 434 600 486 fr.
625 433 743 500 30⁶2,
765 436 823 500 ὃς
853 433 973 499 476,
999 433 1056 501 4)
1086 433 1317 500 ideoque
1351 433 1490 484 bene
1531 450 1650 483 cum
1681 431 1931 501 placenta

113 524 316 575 mellita
338 524 543 575 inferiis
584 523 926 575 instituendis
965 522 1207 574 adhiberi
1245 530 1528 591 poterunt3
1571 521 1660 573 καὶ
1691 516 1751 572 dr*
1778 516 1929 588 μάξω

114 622 289 664 aut-em
343 631 462 664 cum
511 620 735 681 propter
771 611 1068 681 simplicem
1121 628 1277 677 quam
1313 610 1369 661 in
1414 610 1720 679 systematis
1777 617 1934 680 poeta

112 702 355 772 sequitur
378 702 663 753 verborum
695 701 1014 770 positionem
1052 708 1174 751 ante
1211 700 1562 766 μελιτοῦτταν
1593 694 1694 768 ἐγώ
1732 717 1933 768 ponen-

116 792 240 844 dum
283 792 365 858 sit,
402 799 511 843 tum
563 792 814 858 maxime,
871 791 1012 858 quod
1052 790 1372 861 paroemiaci
1433 790 1748 860 saepissime
1785 789 1932 859 ipsos

114 882 395 952 excipiunt
433 890 812 947 monometros,
850 898 972 931 raro
1003 878 1463 931 intercedentibus
1497 879 1742 930 versibus
1783 880 1847 930 ab
1871 879 1935 931 iis

115 971 350 1023 seiuncti
391 980 530 1024 sunt.

253 1061 398 1113 Ante
418 1079 465 1112 v,
493 1061 624 1112 1018
659 1056 732 1123 (ὃς
766 1056 866 1129 ἐγώ
893 1062 1068 1127 μισῶν
1099 1062 1347 1128 γυναῖκας
1372 1051 1634 1111 οῧδέποτε
1660 1052 1939 1123 παύσομαι

113 1151 269 1202 unius
307 1169 493 1202 versus
518 1171 548 1202 a
573 1151 789 1203 senibus
828 1149 1154 1220 pronuntiati
1186 1149 1432 1201 lacunam
1460 1167 1575 1200 esse
1610 1167 1636 1199 e
1660 1142 1734 1210 ὦς
1757 1147 1935 1216 primo

119 1259 306 1294 versus
360 1242 477 1292 loco
518 1242 694 1312 posito
735 1242 1073 1293 manifestum
1114 1242 1191 1309 fit,
1246 1240 1389 1312 quod
1433 1259 1536 1309 quo
1593 1237 1939 1292 referendum

121 1332 206 1398 sit,
250 1350 396 1384 nunc
433 1350 542 1383 non
582 1332 870 1385 invenitur.

263 1419 942 1490 Thesmophoriazusarum
981 1439 1064 1469 vv.
1107 1421 1413 1472 491—501:

326 1505 435 1563 οὐδ’
478 1505 550 1573 ὦς
591 1507 699 1562 ὕπο
737 1512 845 1561 τῶν
872 1506 1079 1561 δούλων
1115 1528 1172 1560 τε·
1207 1500 1583 1575 κώρεωκόμων

324 1597 684 1668 σπόδούμεθζ
725 1592 788 1670 ἤν
825 1596 910 1669 μὴ’
951 1620 1130 1667 χωμεν
1167 1597 1366 1667 ἕτερον,
1409 1591 1471 1650 οὗ
1505 1598 1671 1668 λέγει·

323 1684 421 1744 οὖδ
458 1687 531 1754 ὥς
565 1687 693 1743 ὅταν
731 1686 954 1758 μάλισθ’
999 1686 1107 1743 ὑπό
1144 1685 1542 1759 τουληκώμεθα

326 1778 421 1851 τὴν
462 1777 631 1846 νύχθ’,
674 1779 854 1833 ἕωθεν
887 1776 1124 1849 σκόροδα
1166 1776 1568 1847 διαμασώμεθα

323 1867 402 1922 Ἵν’
447 1865 790 1942 ὀσφρόμενος
825 1868 954 1941 ἁνὴρ
993 1864 1104 1924 ἄπο
1141 1871 1351 1937 τείχους
1388 1867 1570 1923 εἰσιών

329 1963 493 2031 μηδὲν
530 1961 694 2015 κακὸν
724 1964 853 2031 δρᾶν
892 1958 1253 2032 ὑποτοπῆται.
1296 1962 1454 2014 ταῗθ’
1495 1957 1626 2032 ὁρᾷς

336 2045 620 2104 οὗπώποτ’
661 2046 831 2105 εἶπεν.
865 2050 911 2105 εἰ
953 2051 1010 2105 δὲ
1047 2052 1279 2123 φαιδραν
1314 2052 1568 2117 λοιδορεῖ,

337 2139 461 2211 ἡμῖν
494 2143 547 2194 τί
582 2145 726 2195 τοῦτ’
769 2143 887 2207 ἕστ;
924 2137 1034 2196 οὔδ’
1077 2143 1230 2195 ἐκεῖν’
1270 2138 1447 2212 εἴρηκέ
1482 2162 1573 2193 πω

337 2228 410 2294 (ὃς
444 2230 474 2302 ἡ
511 2229 636 2303 γυνὴ
679 2234 926 2286 δεικνῦσα
963 2226 1149 2301 τᾶνδρί
1184 2224 1506 2301 misy-,tvaim

335 2318 423 2374 ὕπ’
464 2316 626 2392 αὐγὰς
667 2317 788 2376 οἷόν
826 2323 984 2387 ἐστιν,
1025 2321 1477 2393 ἐγκεκαλυμμένον

336 2409 430 2465 τὸν
470 2410 661 2480 μοιχὸν
704 2413 1026 2482 ἐξέπεμψεν,
1071 2407 1166 2466 οὖν,
1200 2409 1379 2482 εἴρηκέ
1416 2433 1506 2464 πω

129 2521 238 2554 non
275 2522 381 2554 una
417 2521 538 2554 cum
579 2511 756 2553 cetera
779 2502 1093 2555 Mnesilochi
1132 2501 1372 2554 oratione
1401 2503 1572 2553 factos
1602 2498 1695 2550 sed
1734 2505 1950 2569 postero

131 2600 379 2662 tempore
418 2612 446 2642 a
483 2600 641 2662 pocta
681 2610 742 2642 eo
785 2610 888 2661 quo
927 2611 1070 2643 nunc
1111 2599 1232 2642 sunt
1274 2592 1390 2641 loco
1434 2589 1723 2641 collocatos
1759 2605 1895 2655 esse,
1924 2605 1951 2639 e

130 2699 178 2732 v.
199 2680 301 2732 502
333 2677 515 2749 ἑτέραν
544 2681 587 2732 δ’
614 2669 761 2749 ἐγῷδ’
787 2674 1062 2751 ἣ’φασνεν
1103 2673 1313 2732 ὠδίνειν
1349 2676 1473 2749 γυνή
1512 2678 1732 2749 colligo.
1770 2675 1953 2747 ἑτέραν

131 2767 272 2820 enim
313 2776 459 2819 recte
492 2767 596 2818 dici
635 2777 830 2837 potest,
871 2769 913 2820 si
952 2769 1016 2819 de
1041 2787 1148 2819 una
1184 2768 1497 2838 pluribusve
1536 2769 1589 2820 in
1618 2769 1949 2840 praeceden-

133 2858 273 2909 tibus
332 2857 532 2908 dictum
594 2864 672 2908 est
728 2855 1063 2918 mulieribus,
1119 2856 1202 2907 sin
1255 2874 1382 2907 vero
1434 2855 1500 2906 de
1544 2856 1789 2908 omnibus
1845 2873 1952 2906 non

132 2944 316 3015 ἑτέραν
356 2953 673 3016 expectatur
714 2944 807 2995 sed
849 2943 989 3011 μίαν.
1066 2944 1227 3010 Quod
1269 2963 1390 2996 cum
1429 2944 1502 2995 ita
1541 2945 1624 3011 sit,
1676 2945 1953 2996 historiam

135 3056 294 3106 quam
321 3037 388 3088 de
430 3053 485 3087 se
526 3035 644 3102 ipso
686 3034 1254 3086 narratMnesilochus
1299 3052 1524 3104 eamque
1550 3051 1709 3101 quam
1749 3034 1815 3085 de
1850 3034 1953 3085 alia

134 3128 302 3180 refert
346 3126 569 3179 muliere
603 3125 908 3177 cohaesisse
950 3125 1075 3176 olim
1117 3132 1261 3195 puto.

277 3216 379 3267 Vv.
419 3216 536 3268 519.
581 3216 648 3266 ΞΟ
688 3211 775 3268 ἴθι
800 3235 889 3267 νυν
924 3211 1135 3287 φράσον
1165 3210 1446 3281 πρώτιστα
1467 3217 1585 3276 ταῖς
1619 3207 1958 3284 ὀρχηστρίσιν

693 3313 805 3371 ταῖς
843 3306 996 3360 ἔνδον
1033 3298 1218 3368 οἴσαις
1249 3297 1411 3367 αὖτ’ὀς
1451 3300 1533 3356 ὅτι
1573 3302 1872 3373 εἷςέρχομαι
