2171 3752
934 196 998 248 19

2 351 186 404 ·binis
245 349 489 403 versibus
553 349 693 402 inter
753 367 809 403 se
865 349 1234 420 colloquentes
1290 349 1521 416 habent,
1577 355 1867 417 utrumque

0 434 12 486 l
43 449 221 493 autem
254 441 502 510 longiore
527 440 890 493 Philocleonis
918 440 1158 492 oratione
1191 440 1391 506 finitur,
1426 458 1561 509 quae
1601 440 1655 490 in
1687 438 1867 510 priore

0 531 12 576 it
46 549 75 583 e
114 530 320 583 duobus
356 530 674 601 septenariis
711 539 1028 599 septemque
1071 530 1423 582 dimetrorum
1463 537 1773 598 systemate,
1811 529 1868 579 in

0 632 12 682 Γ,
45 621 214 672 altero
260 637 288 671 e
321 638 415 671 sex
468 619 787 691 septenariis
839 628 1074 687 constat3
1132 621 1187 671 in
1227 638 1329 690 quo
1377 620 1466 687 qui
1504 627 1627 689 post
1677 638 1728 670 v.
1767 617 1870 668 394

0 722 11 771 ὅ
44 717 298 764 secuntur
339 709 624 780 septenarii
663 718 803 775 oct0,
842 727 933 761 eos
973 708 1236 777 aequabili
1276 717 1544 760 structura
1578 715 1867 778 propterea

44 817 230 856 carere
292 817 359 852 nc
399 799 625 863 mireris,
665 798 807 866 quod
872 797 1239 867 Bdclycleone
1278 797 1622 865 Xanthiaque
1679 814 1869 867 exper-

0 902 12 934 ν
47 892 378 960 giscentibus
401 891 915 959 Philocleonemque
944 909 971 940 a
1004 890 1133 958 fuga
1175 889 1528 940 retinentibus
1569 895 1677 940 tota
1715 886 1869 938 huius

0 990 14 1022 ¹·
45 981 274 1033 diverbii
314 981 524 1033 indoles
546 988 780 1031 mutatur
805 997 1051 1049 novaque
1074 997 1244 1050 paene
1285 999 1404 1031 cum
1438 978 1589 1031 novis
1621 978 1869 1048 personis

0 1091 13 1101 ·
42 1071 229 1142 incipit
264 1089 477 1124 scaena.

182 1175 385 1230 Similis
440 1175 685 1226 binorum
747 1193 999 1226 versuum
1059 1173 1310 1242 repetitio
1370 1175 1424 1224 in
1467 1173 1868 1224 Acharnen-

43 1265 227 1318 sibus
270 1266 376 1333 (vv.
417 1265 679 1325 303—34)
740 1264 1030 1330 invenitur,
1089 1264 1176 1314 ubi
1217 1263 1513 1315 carbonarii
1546 1263 1625 1314 ira
1662 1262 1867 1314 incensi

44 1534 266 1603 possint.
337 1534 490 1600 Quae
529 1551 722 1585 scaena
759 1534 900 1585 inter
941 1533 1090 1586 chori
1142 1534 1415 1604 stropham
1459 1533 1870 1604 antistropham-

0 1626 6 1635 ’
46 1642 149 1695 que
188 1623 359 1695 posita
395 1622 461 1673 ad
502 1624 603 1674 hoc
642 1623 856 1674 schema
895 1629 1200 1674 constructa
1235 1639 1352 1673 csse
1393 1621 1634 1674 videtur:

293 1733 479 1786 Ch.D.
695 1733 794 1786 Ch.
834 1734 902 1785 D.
939 1733 1008 1786 D.
1188 1731 1368 1786 Ch.D.
1478 1730 1577 1785 Ch.

0 1878 3 1888 ,
44 1824 272 1880 Str.5><
305 1825 377 1891 (2,
413 1823 498 1890 2);
562 1824 594 1874 3
635 1843 677 1870 ><
727 1828 813 1887 (¹s2
857 1833 907 1883 -1-
950 1823 1146 1911 1Q23
1221 1823 1351 1915 3733
1511 1823 1572 1889 23
1643 1822 1870 1874 Antistr.

181 1941 639 2010 Lysistratae
697 1961 779 1994 vv.
819 1942 1078 2010 350—66,
1123 1943 1210 2013 qui
1250 1943 1536 1994 mulierum
1576 1958 1870 2010 senumque

9 2031 322 2094 ,continent
357 2031 535 2099 iurgia
569 2031 633 2082 ad
672 2031 812 2083 hanc
851 2031 1081 2100 figuram
1122 2032 1284 2083 habes
1325 2031 1628 2084 ordinatos:

516 2127 586 2179 M.
795 2126 852 2180 s.
877 2127 946 2180 M.
1161 2128 1217 2181 e.
1241 2129 1312 2180 M.
1346 2127 1400 2182 S.

530 2217 577 2283 2,
612 2218 642 2268 3
686 2235 727 2268 ><
777 2218 849 2286 (2,
889 2218 961 2285 2),
1001 2217 1032 2267 2
1065 2234 1108 2268 ><
1162 2218 1411 2286 (1,1)‚‘2;

47 2315 137 2384 qui
177 2323 354 2366 autom
407 2324 662 2367 secuntur
719 2315 1003 2367 duodecim
1058 2334 1085 2366 e
1127 2324 1380 2384 quattuor
1426 2324 1703 2368 ternorum
1755 2335 1870 2369 ver-

45 2423 201 2457 suum
243 2413 488 2455 constant
522 2405 796 2475 particulis
838 2424 954 2456 cum
997 2414 1317 2473 argumento
1366 2414 1476 2457 tum
1515 2406 1685 2457 forma
1724 2406 1867 2456 inter

47 2512 102 2546 se
141 2494 420 2546 distinctis.
498 2495 737 2560 Quarum
778 2495 830 2546 in
887 2495 1059 2565 prima
1100 2495 1345 2563 singulos
1396 2495 1560 2547 habes
1612 2514 1799 2548 versus
1843 2516 1872 2546 a

0 2621 11 2653 2
45 2583 273 2652 singulis
314 2584 562 2653 chorcgis
588 2585 961 2654 pronuntiatos
1000 2593 1224 2655 utraque
1255 2595 1405 2655 parte
1447 2604 1515 2638 ex
1555 2587 1738 2652 altera,
1776 2605 1871 2637 cur

40 2659 191 2724 *arma
214 2691 394 2725 secum
424 2675 562 2725 ferat
585 2682 905 2742 quaerente3
946 2673 1000 2725 in
1044 2674 1211 2725 altera
1239 2675 1471 2745 itemque
1496 2675 1547 2726 in
1587 2676 1759 2740 tertia,
1781 2675 1869 2726 ubi

0 2781 8 2832 ,·
48 2762 282 2831 singulis
323 2763 551 2833 primum
594 2764 856 2831 versibus,
894 2764 1019 2815 inde
1048 2773 1223 2815 autem
1266 2764 1494 2832 singulis
1522 2764 1872 2816 hemistichiis

0 2891 19 2922 Ι.
47 2852 319 2904 alternant
339 2862 535 2923 partes,
573 2855 637 2905 ab
659 2862 901 2923 utraque,
926 2854 1006 2904 cui
1044 2871 1103 2904 ca
1133 2854 1247 2905 usui
1288 2854 1652 2919 destinaverit,
1696 2855 1870 2906 decla-

0 2950 223 3013 7ratur3
285 2951 471 3010 quarta
525 2943 754 3010 denique
813 2943 902 2995 ubi
962 2961 1080 2994 cum
1138 2944 1355 2994 senibus
1402 2952 1513 2993 tum
1554 2944 1867 2995 mulieribus

47 3050 214 3083 unum
255 3050 466 3103 semper
498 3032 895 3084 hemistichium
928 3032 1396 3106 pronuntiantibus
1433 3033 1686 3084 citissima
1725 3033 1871 3084 vehi-

47 3128 135 3172 tur
157 3121 451 3189 altercatio,
487 3139 606 3172 eum
630 3121 792 3173 finem
815 3122 988 3188 habet,
1030 3131 1086 3173 ut
1116 3122 1369 3173 mulieres
1394 3121 1539 3172 urnis
1577 3121 1871 3174 instructae

49 3229 240 3279 aquam
302 3214 516 3264 senibus
576 3211 875 3264 infundant.
948 3212 1131 3265 Habes
1171 3212 1338 3280 igitur
1396 3213 1584 3263 horum
1618 3230 1870 3264 versuum

0 3370 2 3374 y
47 3301 190 3354 hunc
234 3302 505 3354 ordinem:
