2171 3752
1099 189 1168 241 20

979 341 1309 397 S.M.S.M.
1519 337 1578 392 S.
1605 339 1678 392 M.
1747 380 1750 382 ,
1922 333 2026 379 ῑ

547 396 580 447 3
623 412 666 448 ><
720 392 831 461 1³2
864 408 908 444 ><
939 414 1199 481 <1-1‚¹s2·
1230 409 1394 477 ι[2ὴὸ
1425 408 1711 477 ><.(¹s2‚¹s2)

356 534 602 586 Tertium
652 533 1035 602 Vesparum
1089 527 1231 599 quod
1290 526 1383 578 tali
1437 525 1805 578 concinnitate
1859 539 2043 575 nume-

220 643 399 676 rorum
467 631 710 675 ornatum
764 633 881 674 esse
953 619 1064 670 dixi
1122 617 1424 669 diverbium
1502 617 1608 683 (vV.
1663 615 2040 681 648—724)·1),

220 715 309 766 ubi
354 712 655 779 Bdelycleo
696 719 920 782 patrem,
971 709 1163 777 quibus
1211 704 1568 758 incommodis
1627 703 2044 757 Atheniensium

219 821 306 855 res
361 804 459 855 sub
510 801 731 856 Cleonis
781 800 1009 871 imperio
1064 798 1336 863 laborent,
1396 796 1585 862 docet,
1641 795 1709 847 ad
1764 795 1869 846 hoc
1926 796 2043 847 fere

221 892 437 944 schema
475 899 555 942 est
591 897 988 942 constructum:
1977 879 1982 882 ¹

281 980 285 982 ’
357 980 519 1033 Chor.
565 979 718 1031 Bdcl.
759 979 856 1030 Ph.
901 977 1000 1030 Bd,
1042 975 1136 1028 Ph.
1178 975 1279 1027 ssd.
1317 974 1412 1027 Ph.
1454 974 1555 1026 Bd.
1592 974 1691 1026 Ph.
1734 972 1835 1024 Bd.

429 1070 491 1134 2;
608 1070 686 1135 14,
774 1070 830 1133 2,
908 1068 987 1134 14,
1079 1066 1128 1133 2,
1203 1066 1267 1115 14
1338 1065 1388 1132 2,
1464 1065 1550 1131 14;
1625 1063 1834 1131 2,44-6
1865 1057 2043 1132 (syst)

358 1171 517 1238 Quod
560 1173 699 1222 enim
751 1173 923 1242 prima
967 1170 1357 1239 Bdelycleonis
1413 1169 1583 1220 oratio
1622 1188 1651 1219 a
1692 1163 2045 1220 Philocleone

221 1265 456 1330 itemque
494 1262 651 1314 huius
691 1262 795 1314 duo
839 1280 1027 1313 versus
1067 1261 1131 1312 ab
1167 1261 1262 1312 illo
1300 1260 1540 1312 breviter
1573 1258 2047 1326 interrumpuntur

221 1358 327 1416 (vv.
364 1352 621 1419 652-54,
663 1352 806 1418 665),
862 1369 923 1403 eo
962 1351 1297 1403 concinnitas
1331 1350 1492 1402 totius
1531 1347 1900 1419 responsionis
1936 1362 2048 1399 non

222 1439 482 1505 turbatur,
522 1441 834 1512 praesertim
861 1459 982 1492 cum
1006 1440 1286 1492 Philocleo
1329 1439 1555 1490 solenne
1580 1437 1678 1488 filii
1710 1437 2046 1507 prooemium

226 1549 389 1600 aegre
431 1532 613 1583 ferens
666 1531 891 1582 formam
942 1539 1142 1581 tantum
1189 1529 1444 1581 orationis
1489 1529 1603 1580 eius
1640 1527 1928 1597 vituperet,
1979 1527 2048 1579 de

221 1621 334 1690 ipsa
371 1639 429 1672 re
471 1630 528 1671 ut
557 1629 745 1692 postca
788 1638 1002 1691 semper
1041 1620 1115 1671 sie
1157 1639 1298 1672 nunc
1335 1619 1542 1671 nullam
1587 1621 1727 1670 ferat
1766 1618 2046 1670 iudicium.

358 1712 622 1764 Similiter
679 1713 774 1763 etsi
834 1730 941 1763 non
1008 1711 1196 1762 cadem
1260 1709 1639 1778 aequabilitate
1706 1726 1768 1760 ea
1823 1708 2048 1761 Pacis

221 1819 411 1854 scaena
451 1802 747 1873 composita
787 1810 884 1867 cst,
916 1801 970 1852 in
1011 1821 1111 1868 qua
1137 1800 1435 1853 Mercurius
1458 1800 1713 1868 Trygaeo
1753 1799 2047 1868 choroque,
2110 1803 2139 1856 ξ’

228 1891 418 1959 quibus
461 1891 525 1942 de
580 1893 971 1944 causis'omnia
1008 1892 1305 1964 praesentis
1354 1892 1613 1962 temporis
1654 1891 1793 1942 mala
1855 1899 2045 1945 exorta
2112 1891 2140 1905 ⁵*

223 1980 346 2042 sint,
389 1990 599 2033 enarrat
639 1982 746 2045 (vv.
786 1982 1069 2048 Gan—56).
1144 1982 1310 2035 Cuius
1351 1982 1538 2049 oratio,
1575 2001 1692 2033 cum
1733 1989 1856 2052 post
1895 1980 2048 2033 chori
2107 1994 2116 2051 J

223 2071 372 2138 duos,
402 2090 588 2123 versus
617 2073 891 2144 breveque
927 2074 1085 2125 trium
1107 2092 1360 2125 versuum
1382 2073 1718 2142 prooemium
1745 2091 1773 2124 e
1797 2079 2049 2144 quattuor

222 2178 559 2211 novenorum
594 2178 847 2212 versuum
887 2162 1144 2214 mcmbris
1184 2171 1409 2228 constet,
1453 2181 1589 2231 quae
1627 2156 1744 2215 εἶτα
1780 2163 1869 2214 vcl
1913 2151 2048 2233 κᾷτα
2102 2173 2111 2196 ·“

225 2249 496 2300 vocabulis
549 2249 727 2300 omnia
776 2248 1056 2318 incipiunt,
1115 2267 1452 2318 quorumque
1506 2250 1753 2302 ultimum
1807 2250 2050 2320 Trygaei
2110 2275 2125 2284 ·

220 2338 419 2390 verbis.

729 2457 798 2464 --
835 2427 975 2477 παῖε
1011 2425 1135 2477 ποῦ’
1171 2414 1213 2476 ὦ
1258 2424 1493 2478 δέσποθ’
1531 2421 1711 2497 (Ερμῆ,
1751 2423 1826 2497 μὴ
1862 2427 1979 2498 λέγε

470 2509 580 2567 ἀλλ’
626 2512 687 2567 ἔα
724 2512 817 2567 τὸν
855 2507 998 2582 ἄνδρ’
1043 2514 1248 2567 ἐκεῖνον
1285 2503 1455 2582 οἷπερ
1498 2513 1605 2569 ἔστ’
1647 2510 1783 2569 εἶναι
1820 2513 1983 2573 κάτω.

224 2618 532 2683 absolvitur,
554 2619 652 2684 bis,
682 2629 800 2690 post
830 2619 1062 2688 primum
1087 2620 1292 2671 scilicet
1319 2629 1477 2688 atquc
1502 2621 1728 2672 alterum
1750 2623 2050 2675 membrum
2108 2644 2116 2650 ·

224 2709 363 2760 binis
404 2709 644 2779 Trygaei
683 2709 1015 2777 totidemque
1058 2709 1207 2761 chori
1246 2709 1660 2781 interrumpitur
1698 2711 1958 2764 versibus.

363 2798 562 2851 Maiore
604 2818 725 2850 cum
781 2809 893 2851 artc
950 2818 1042 2851 eac
1105 2819 1234 2871 quas
1281 2819 1423 2851 nunc
1475 2809 1882 2854 enumeraturus
1933 2821 2051 2854 sum
2116 2786 2145 2845 15'

226 2898 572 2940 constructae
627 2897 752 2941 sunt
800 2906 1050 2955 scaenae;
1112 2888 1253 2939 inter
1309 2907 1438 2957 quas
1490 2907 1551 2940 ea
1596 2890 1844 2960 primum,
1884 2885 2050 2944 'cuius
2110 2878 2126 2897 ⁴

228 2978 495 3049 Sauppius
543 2979 596 3030 in
638 2979 861 3048 epistola
898 2979 1083 3030 critica
1119 2978 1455 3046 aequabilem
1491 2980 1879 3033 demonstravit
1915 2991 2051 3035 stru-

227 3076 431 3119 cturam
471 3068 938 3121 commemoranda
981 3078 1106 3136 est,·
1139 3068 1179 3120 E
1200 3089 1231 3139 q
1252 3088 1283 3120 u
1304 3069 1319 3119 i
1342 3078 1478 3121 tum
1520 3070 1725 3122 scilicet
1759 3091 1844 3124 vv.
1880 3072 2052 3125 242-
2103 3067 2115 3119 ἶ

397 3316 437 3362 1)
472 3313 580 3355 Dele
615 3329 653 3356 v.
687 3317 789 3356 712.

2110 0 2132 182 ξ

2094 1374 2142 1788 ἐ
